2013 3223
1051 150 1103 185 14

386 275 494 316 Hinc
524 275 652 327 igitur
684 274 872 321 efficitur,
911 274 959 313 ut
989 273 1031 313 in
1063 273 1128 313 his
1162 272 1322 314 duobus
1354 274 1542 315 versibus
1578 281 1627 316 11
1665 277 1706 317 et
1739 281 1804 326 12,
1835 279 1885 318 ut

268 358 379 386 nunc
412 345 580 397 quidem
611 345 821 396 leguntur,
852 343 1054 383 mendum
1084 343 1251 395 aliquod
1285 344 1517 397 scripturae
1539 345 1724 388 nondum
1747 348 1886 400 cogni-

269 417 361 456 tum
394 416 529 456 adhuc
561 415 690 455 latere
723 413 1031 453 ratiocinemur.

356 487 416 526 Ao
462 485 642 525 tentavit
679 483 894 523 Baehrens
943 483 1046 523 illud
1096 486 1261 535 parata
1311 487 1379 525 est.
1456 485 1498 526 Is
1539 486 1642 528 haec
1691 487 1733 527 in
1774 500 1883 529 com-

268 555 472 597 mentario
519 566 593 595 suo
641 553 806 593 scribit:
859 566 1035 614 ‘parare
1074 553 1292 595 victoriam
1345 555 1448 596 dixit
1487 556 1580 597 Tac.
1625 556 1764 598 Germ.
1807 563 1886 606 30;

272 626 343 667 sed
381 625 430 666 de
462 637 557 665 vero
588 623 805 676 participio
838 636 933 664 cum
966 624 1139 676 cogitari
1179 627 1361 677 nequeat
1400 626 1443 667 in
1483 626 1656 668 victoria
1698 628 1883 669 nondum

272 697 529 748 comparata,
560 696 742 744 paratus
775 694 983 746 accipiunt
1023 696 1272 747 ,promptus‚
1304 696 1346 736 in
1377 696 1513 737 medio
1544 697 1738 750 positus‘.
1803 698 1884 739 Sed

271 767 467 820 palmam,
499 765 597 805 licet
627 776 711 804 non
744 764 921 814 facilem,
954 764 1031 805 sibi
1063 765 1105 805 in
1137 768 1334 818 promptu
1366 778 1456 807 esse
1487 779 1568 807 non
1591 770 1769 820 possunt
1800 781 1888 810 om-

269 837 366 877 nino
399 836 570 875 innuere
602 834 784 882 iuvenes,
819 835 890 887 qui
920 847 1015 875 mox
1047 848 1082 875 v.
1115 841 1165 876 16
1198 835 1292 875 *iure
1325 835 1458 887 ἕρπων
1487 836 1703 878 vincemur
1733 838 1888 880 dicant.

270 907 368 959 Ipsa
405 907 548 946 autem
585 906 806 947 verborum
846 905 1059 946 collocatio
1101 907 1217 946 vetat
1258 906 1480 958 quominus
1525 907 1764 960 asyndetice
1803 910 1889 950 sta-

270 978 440 1017 tuamus
488 975 568 1016 duo
616 988 849 1029 synonyma
888 976 1084 1029 copulata
1126 988 1216 1017 esse
1267 976 1430 1030 (utique
1472 978 1776 1030 expectandum
1823 981 1888 1020 est

267 1059 352 1088 ozon
381 1045 527 1098 facilis
556 1059 629 1087 nec
657 1046 851 1100 parata).
898 1046 1141 1099 Legendum
1172 1048 1273 1100 puto
1300 1049 1487 1098 paratum
1519 1060 1543 1088 a
1572 1060 1654 1100 qua
1676 1050 1890 1091 construc-

266 1118 376 1158 tione
407 1118 556 1158 notum
589 1118 653 1158 est
684 1129 760 1158 nec
791 1118 935 1170 poetas
969 1109 1246 1158 abstinuisse?

384 1188 480 1228 Etsi
512 1187 615 1228 haec
647 1189 758 1228 recte
792 1187 1007 1240 disputata
1040 1200 1130 1228 esse
1164 1188 1293 1229 videri
1324 1190 1523 1241 possunt,
1555 1191 1697 1231 tamen
1736 1202 1887 1244 parum

266 1260 385 1300 caute
419 1258 468 1299 de
500 1259 678 1299 veritate
711 1258 942 1311 scripturae
967 1260 1133 1309 parata
1164 1260 1222 1297 est
1253 1258 1467 1299 Baehrens
1501 1259 1719 1300 dubitavit.

382 1330 443 1370 Ac
492 1329 676 1382 primum
728 1329 897 1381 quidem
946 1328 1023 1369 hoc
1064 1330 1237 1382 apparet
1276 1329 1525 1370 vocabulum
1565 1331 1730 1383 palmae
1771 1343 1888 1372 mera

266 1400 462 1441 victoriae
496 1400 580 1440 sive
621 1411 811 1440 summae
843 1399 981 1439 laudis
1014 1399 1180 1440 notione
1212 1400 1279 1440 hic
1312 1399 1518 1449 adhiberi,
1551 1400 1660 1453 quod
1699 1401 1747 1441 fit
1779 1401 1890 1454 apud

267 1471 476 1511 Romanos
499 1482 581 1510 non
604 1470 740 1510 solum
772 1470 816 1510 in
846 1470 1019 1522 poetica,
1052 1470 1124 1510 sed
1157 1470 1283 1510 etiam
1315 1471 1356 1510 in
1379 1483 1502 1523 prosa
1525 1471 1721 1513 oratione.
1761 1471 1893 1513 Velut

269 1541 319 1582 ab
353 1540 499 1582 Ovidio
532 1541 574 1580 in
605 1542 775 1581 metam.
837 1540 899 1580 VI
933 1546 985 1582 5O
1020 1540 1068 1581 de
1101 1541 1314 1581 Arachne:

478 1609 648 1651 Perstat
679 1610 727 1650 in
758 1610 921 1661 incepto
951 1610 1208 1662 stolidaeque
1241 1610 1440 1663 cupidine
1464 1610 1639 1662 palmae

479 1681 537 1722 In
568 1693 648 1721 sua
678 1680 774 1732 fata
804 1681 906 1731 ruit,

268 1753 311 1793 in
343 1753 466 1794 Trist.
497 1753 541 1793 II
574 1757 656 1794 506
699 1752 816 1799 alibi;
866 1764 889 1792 a
923 1751 1117 1793 Cicerone
1157 1765 1230 1805 pro
1265 1751 1355 1792 Sex.
1395 1752 1516 1793 Rosc.
1556 1752 1617 1792 VI
1671 1758 1744 1794 17:
1786 1751 1894 1793 alter

262 1823 556 1875 plurimarum
582 1822 832 1875 palmarum
863 1824 978 1862 vetus
1010 1834 1059 1862 ac
1090 1821 1243 1862 nobilis
1271 1821 1485 1874 yladiator
1515 1821 1710 1872 habetur,
1744 1823 1793 1864 de
1835 1836 1892 1864 or.

268 1894 311 1935 H
345 1899 411 1943 56,
435 1899 542 1936 227:
575 1893 686 1934 illud
717 1893 884 1945 quidem
923 1893 1114 1933 admiror
1134 1895 1171 1934 te
1211 1893 1329 1933 nobis
1369 1893 1416 1933 in
1458 1906 1501 1934 eo
1539 1906 1688 1945 genere
1728 1896 1893 1934 tantum

269 1966 307 2004 et
336 1977 419 2004 non
460 1964 588 2004 ltu-ius
628 1964 692 2004 ret
734 1965 777 2017 [i.
819 1977 851 2005 e.
899 1964 1147 2005 facetiarum
1186 1964 1229 2004 in
1271 1964 1464 2017 dicendo]
1503 1976 1662 2016 Quoque
1696 1963 1892 2015 palmam

274 2033 425 2076 Crasso
457 2034 665 2076 detulisse:
697 2035 746 2076 de
780 2048 835 2076 or.
867 2035 933 2075 111
968 2040 1034 2083 35,
1071 2040 1172 2076 143:
1215 2035 1286 2074 sin
1326 2034 1571 2086 quaerimus
1613 2034 1718 2086 quid
1754 2047 1889 2075 unum

271 2105 421 2146 excellat
452 2119 502 2146 ez
533 2105 735 2155 omnibus,
769 2105 881 2146 docto
913 2105 1072 2146 oratori
1098 2104 1249 2158 palma
1282 2105 1428 2146 (landa
1460 2108 1528 2146 est.

388 2177 546 2218 Deinde
582 2189 750 2239 tparare
783 2171 1019 2217 victoriam'
1056 2176 1287 2229 significare
1319 2189 1402 2217 non
1433 2178 1572 2229 potest
1603 2176 1733 2225 idem,
1776 2175 1889 2228 quod

272 2260 344 2300 per
381 2260 638 2308 tcomparare
671 2239 907 2288 victoriam'
943 2247 1159 2288 Baehrens
1192 2247 1411 2300 descripsit
1452 2259 1588 2300 neque
1628 2247 1739 2300 apud
1773 2247 1891 2288 Taci-

273 2319 365 2357 tum
414 2318 631 2370 significat.
706 2318 824 2359 Sicut
864 2318 898 2358 is
941 2318 1011 2370 qui
1055 2318 1234 2379 tbellurn
1275 2309 1417 2371 parat’
1463 2330 1511 2358 ea
1551 2317 1650 2358 facit
1691 2329 1797 2370 quae
1838 2317 1890 2358 ad

273 2388 430 2428 bellum
463 2389 694 2440 gerendum
725 2389 937 2442 pertinent
968 2389 1034 2429 vel
1066 2389 1224 2429 bellum
1257 2389 1435 2429 excitare
1476 2389 1672 2441 possunt,
1713 2388 1814 2428 item
1856 2387 1891 2428 is

275 2458 346 2510 qui
378 2458 594 2499 victoriam
626 2461 768 2512 parat,
799 2472 882 2499 non
925 2459 1012 2512 ipse
1052 2460 1266 2512 comparat
1306 2459 1542 2508 victoriam,
1584 2458 1656 2499 sed
1693 2458 1752 2498 ita
1794 2458 1891 2510 agit,

274 2530 323 2569 ut
354 2528 527 2568 victoria
559 2530 755 2582 parabilis
788 2529 872 2570 fiat.
933 2530 1118 2570 Inseruit
1155 2529 1285 2581 igitur
1316 2529 1530 2570 Baehrens
1571 2528 1723 2569 iniuria
1764 2528 1892 2569 inter-

274 2599 498 2651 pretationi
541 2612 640 2640 suae
692 2612 785 2640 eam
822 2600 1060 2649 notionem,
1109 2612 1214 2652 quae
1258 2612 1281 2639 a
1322 2600 1445 2640 verbo
1494 2599 1671 2652 simplici
1717 2598 1891 2652 parandi

275 2681 446 2722 prorsus
480 2669 608 2710 abest.
669 2670 731 2711 De
765 2683 813 2711 ea
844 2671 1023 2711 notionis
1064 2669 1305 2711 diversitate
1348 2682 1371 2710 a
1413 2671 1574 2723 syllaba
1612 2670 1748 2710 verbis
1791 2669 1888 2709 sim-

275 2739 451 2792 plicibus
484 2740 663 2792 praefixa
688 2733 817 2802 ‘com'
853 2765 909 2770 —
940 2741 1138 2794 pendenti
1170 2740 1277 2781 infra
1308 2754 1345 2793 p.
1367 2746 1418 2782 26
1433 2754 1493 2793 sq.
1513 2745 1682 2782 30-32
1717 2739 1890 2780 dicetur.

393 2809 616 2851 Praeterea
657 2823 705 2851 ea
747 2824 851 2863 quae
883 2812 1098 2853 Baehrens
1138 2811 1186 2852 de
1223 2811 1327 2873 (veri
1359 2802 1581 2864 participii'
1618 2822 1698 2850 usu
1731 2809 1893 2850 addidit
