2013 3223
1075 145 1130 180 44

295 270 346 311 In
378 271 622 311 Tibullianis
657 282 704 310 ea
737 270 887 310 locutio
921 281 1003 309 non
1036 271 1192 317 exstat,
1234 269 1275 309 in
1308 269 1512 321 Propertii
1556 269 1737 310 carmine
1769 269 1812 310 H
1848 274 1907 311 '10

295 341 369 394 (=
399 340 464 380 111
501 347 519 380 1
554 340 616 391 L.)
649 340 696 379 fit
727 339 895 379 initium
928 339 1082 390 elegiae
1116 341 1189 379 aut
1221 342 1332 379 certe
1374 339 1470 379 novi
1513 339 1719 380 enuntiati
1761 352 1783 379 a
1814 351 1910 392 par-

295 410 434 458 ticula,
467 422 549 461 qua
582 410 662 450 alia
706 421 748 449 re
792 409 922 448 missa
962 408 1012 448 ad
1054 409 1180 449 aliam
1219 421 1369 449 novam
1410 409 1635 458 transitur,
1679 421 1784 461 quae
1825 409 1908 450 iam

295 480 466 520 tractari
500 479 668 520 debeat:

532 548 614 589 Sed
644 551 804 599 tempus
837 548 1018 588 lustrare
1050 548 1152 589 aliis
1184 548 1391 590 Helicona
1423 549 1592 598 choreis,

586 618 645 658 Et
676 631 869 669 campum
901 617 1101 658 Emathio
1132 618 1220 658 iam
1252 618 1354 659 dare
1384 622 1544 670 tempus
1575 632 1686 671 equo.

300 690 392 730 Non
426 702 516 730 esse
550 689 729 742 amplius
761 688 1011 729 morandum
1043 689 1084 728 in
1118 689 1249 730 altero
1282 690 1370 730 loco
1403 690 1554 731 dicitur
1584 690 1627 730 Π
1661 694 1698 739 5,
1732 696 1829 742 9sq‚

530 758 656 799 Nune
688 762 745 799 est
776 759 847 799 ira
880 772 1031 808 recens,
1064 772 1175 799 nune
1206 762 1263 799 est
1295 759 1502 800 discedere
1533 763 1712 811 tempus:

586 828 635 870 Si
667 828 782 870 dolor
813 830 982 881 afuerit,
1016 829 1142 878 crede,
1177 829 1326 870 redibit
1358 843 1487 871 amor.

296 899 452 940 Similis
484 901 597 940 notio
630 902 694 940 est
725 901 875 940 horum
908 901 1092 941 locorum
1124 900 1264 940 Plauti
1298 901 1419 941 Most.
1454 914 1488 941 v.
1523 907 1618 950 714,
1656 900 1725 941 ubi
1757 900 1909 941 Tranio

295 982 436 1011 secum
469 971 556 1023 ipse
589 971 821 1011 collocutus
854 970 902 1011 de
937 983 1033 1011 sene
1067 971 1203 1024 pergit
1235 971 1316 1011 sic:

535 1040 715 1092 Tempus
746 1054 857 1082 nunc
890 1042 949 1081 est
977 1053 1114 1081 senem
1144 1041 1254 1082 hune
1287 1040 1458 1093 cidloqui
1489 1041 1605 1082 mihi.

294 1112 336 1152 et
366 1111 408 1151 in
441 1111 623 1152 Terentii
654 1111 805 1152 Heaut.
839 1125 873 1151 v.
909 1117 1089 1164 168sqq.
1152 1111 1385 1153 Chremetis
1419 1113 1544 1153 verba
1575 1113 1697 1153 haec:

1084 1183 1143 1222 set
1173 1185 1220 1221 ut
1252 1182 1337 1223 diei
1367 1183 1527 1234 tempus
1558 1186 1625 1232 est,

534 1251 572 1291 T
571 1252 730 1303 empu'st
761 1265 923 1292 monere
954 1266 1017 1292 me
1049 1251 1157 1292 lmine
1190 1253 1375 1293 vicinum
1408 1252 1636 1302 Plia'niam,

526 1321 599 1362 Ad
630 1321 774 1362 ce'nam
804 1325 850 1362 ut
881 1323 1033 1363 veniat.

292 1391 373 1433 Ubi
418 1404 438 1433 e
471 1392 638 1433 Bentlei
679 1393 919 1434 coniectura
961 1393 1151 1434 additum
1193 1399 1257 1434 cst
1290 1393 1484 1445 Tempust
1525 1394 1679 1435 scholio
1704 1394 1907 1435 Bembino

295 1463 600 1503 confirmatum.

409 1535 549 1585 Atque
583 1534 624 1573 in
656 1547 778 1587 prosa
811 1535 996 1575 oratione
1039 1547 1086 1575 ea
1119 1536 1270 1576 locutio
1312 1535 1421 1576 idem
1460 1536 1581 1575 valet.
1644 1535 1765 1588 Apud
1808 1534 1907 1576 Cor-

290 1604 448 1644 nelium
483 1604 584 1657 Nep.
620 1604 784 1645 Datam.
810 1612 874 1653 11,
901 1612 919 1646 1
956 1605 1220 1646 Mithridates
1254 1606 1463 1659 persuasit
1484 1606 1654 1646 Datami
1687 1605 1764 1646 sibi
1797 1617 1907 1646 com-

293 1686 420 1715 mune
453 1674 593 1715 odium
637 1687 726 1716 esse
771 1689 867 1716 cum
898 1676 967 1716 illo
1001 1676 1041 1716 in
1086 1689 1238 1728 regem.
1299 1675 1355 1716 Id
1396 1690 1487 1717 enm
1526 1676 1632 1716 satis
1672 1688 1713 1716 se
1754 1674 1902 1726 confir-

293 1756 428 1784 masse
460 1744 695 1785 arbitratus
726 1748 794 1795 est,
827 1745 1037 1786 certiorem
1058 1745 1165 1797 facit
1185 1745 1399 1786 Datamen
1421 1748 1579 1799 tempus
1611 1758 1695 1787 esse
1726 1745 1906 1786 maiores

291 1814 495 1855 exercitus
517 1816 679 1866 parari
711 1818 747 1856 et
788 1815 938 1856 bellum
979 1830 1071 1856 cum
1112 1817 1203 1867 ipso
1240 1830 1332 1869 regye
1367 1817 1545 1868 suscipi,
1588 1830 1635 1858 ea
1676 1817 1725 1858 de
1765 1828 1903 1866 causa,

290 1885 389 1937 quia
421 1886 524 1926 satis
558 1886 628 1926 diu
660 1888 744 1928 iam
777 1888 1024 1928 seditionem
1057 1891 1285 1941 parassent.
1320 1913 1375 1917 —
1408 1889 1616 1929 Ciceronis
1653 1889 1695 1928 hi
1728 1888 1904 1929 afferan-

289 1958 359 1996 tur
390 1957 490 1997 loci:
523 1957 619 2010 Top.
651 1958 672 1998 Ι
706 1964 742 2007 5,
775 1959 846 1998 ubi
877 1959 1135 2011 prooemium
1167 1959 1217 1999 ad
1253 1960 1294 2000 C.
1328 1960 1569 1999 Trebatium
1611 1959 1778 2007 datum,
1822 1971 1903 2011 quo

290 2027 495 2080 copiosius
536 2029 723 2081 exponit,
756 2042 829 2069 cur
874 2032 915 2069 et
957 2030 1160 2081 quomodo
1202 2030 1312 2070 hunc
1352 2030 1538 2070 libellum
1580 2030 1807 2083 scripserit,
1846 2030 1904 2070 sio

289 2098 519 2138 concludit:
552 2098 625 2138 sed
654 2098 742 2139 iam>
773 2102 936 2150 tempus
967 2103 1024 2139 est
1056 2100 1114 2140 ad
1143 2099 1199 2149 id,
1232 2100 1342 2151 quod
1373 2100 1653 2149 instituimus,
1691 2099 1905 2149 accedere;

290 2167 339 2208 de
373 2181 428 2208 or.
460 2169 503 2209 ΙΙ
537 2175 603 2218 42,
640 2176 722 2211 180
737 2183 822 2222 sq.:
855 2170 928 2210 sed
957 2173 1095 2210 tamen
1128 2170 1230 2211 milei
1263 2171 1420 2211 videris
1452 2174 1548 2211 ante
1580 2173 1738 2222 tempus
1775 2185 1801 2211 α
1842 2183 1907 2210 me

288 2238 493 2279 rationem
524 2239 689 2280 ordinis
720 2242 756 2280 et
787 2240 1145 2291 disponendarmn
1176 2255 1317 2281 rernm
1350 2242 1597 2293 requisisse5
1634 2254 1734 2281 nam
1765 2241 1804 2281 si
1835 2253 1906 2294 690

288 2321 446 2350 omnem
478 2310 562 2350 vim
594 2311 775 2350 oratoris
807 2311 853 2351 in
886 2312 1144 2363 aryumentis
1175 2315 1212 2352 et
1243 2312 1290 2352 in
1321 2326 1365 2352 re
1400 2313 1492 2363 ipsa
1520 2326 1597 2363 per
1635 2326 1679 2352 se
1720 2324 1901 2363 compro-

288 2378 429 2419 banda
453 2381 699 2431 posuissem,
731 2384 893 2432 tempus
924 2385 1024 2422 esset
1055 2382 1143 2422 iam
1174 2382 1222 2422 de
1254 2383 1399 2423 ordine
1421 2385 1757 2435 aoyicmentorum
1790 2385 1826 2422 et
1855 2381 1904 2422 de

288 2449 564 2491 conlocatione
595 2451 763 2503 aliqui-d
794 2452 953 2502 dieere;
985 2453 1056 2493 sed
1087 2466 1179 2493 cum
1211 2454 1298 2493 tria
1328 2453 1413 2493 sint
1446 2467 1472 2493 α
1503 2467 1565 2493 me
1588 2452 1820 2505 proposita,
1853 2452 1902 2492 de

287 2533 370 2561 urio
403 2521 568 2571 (lictum,
602 2536 694 2562 enin
726 2523 775 2563 de
807 2523 966 2563 duobus
997 2522 1175 2575 reliquis
1207 2523 1362 2573 dixero,
1396 2527 1484 2564 tum
1516 2524 1594 2564 erit
1635 2523 1813 2575 (lenique
1853 2523 1902 2564 de

288 2590 549 2643 disponenda
581 2595 664 2633 tota
696 2596 880 2634 oratione
911 2594 1218 2646 quaerendum;
1251 2595 1298 2635 cf.
1334 2602 1404 2644 39,
1442 2602 1533 2637 162.
1584 2596 1706 2649 Apud
1737 2595 1901 2636 Livium

287 2660 348 2701 VI
386 2669 449 2711 18,
486 2670 534 2703 12
568 2664 622 2704 M.
655 2664 851 2712 Manlius,
886 2666 955 2717 qui
988 2677 1179 2705 accensos
1211 2665 1415 2706 incitabat
1439 2665 1576 2717 plebis
1608 2667 1772 2706 animos
1793 2666 1833 2719 (ξ
1857 2665 1900 2718 5)

288 2732 345 2772 Sic
402 2734 558 2785 pergit:
616 2734 922 2787 qualescunque
975 2736 1096 2776 duces
1156 2735 1389 2784 habuistis,
1455 2736 1761 2788 qualescunque
1814 2735 1901 2787 ipsi

283 2802 441 2853 fuistis,
475 2804 616 2844 omnia
639 2805 784 2855 adhue,
819 2809 1143 2858 quantacunque
1161 2807 1336 2858 petistis,
1369 2808 1608 2850 obtinuistis
1638 2808 1680 2847 vi
1710 2820 1783 2848 seu
1812 2806 1900 2858 for—
