2013 3223
1078 168 1129 204 28

298 293 486 343 possunt.
562 291 673 331 Nam
718 291 816 342 quja
865 292 1077 331 certamen
1124 291 1331 344 parabant
1376 291 1570 339 iuvenes,
1623 290 1707 330 iam
1755 289 1916 331 dudum

298 361 458 401 animos
492 361 734 402 commissos
767 361 851 400 sive
879 361 1072 401 collectos
1104 361 1256 402 habere
1290 361 1508 410 debebant,
1542 360 1614 401 sed
1646 373 1741 402 cum
1772 360 1813 401 id
1844 373 1917 401 ne-

297 431 541 482 glexissent,
588 433 690 471 tunc
733 431 883 470 saltem
920 430 962 470 id
994 431 1043 471 iis
1077 431 1314 472 faciendum
1347 433 1448 472 erat.
1509 431 1558 472 Id
1593 431 1761 483 quidem
1791 432 1916 481 recte,

297 500 369 541 sed
400 513 549 553 parum
582 500 778 540 concinne
812 502 860 540 ut
891 501 996 541 solet
1026 501 1078 541 Κ.
1106 501 1291 543 Pleitner
1322 503 1347 542 1.
1380 514 1412 543 c.
1443 515 1481 555 p.
1517 506 1568 543 67
1603 501 1812 554 exposuit,
1845 501 1914 553 qui

297 571 331 610 si
373 571 548 611 coniecit
587 571 629 610 in
662 583 698 610 v.
735 575 784 611 15
823 563 1090 630 ‘dimisimus’
1127 572 1429 613 inconsiderate
1461 572 1502 612 id
1534 572 1652 621 fecit,
1692 572 1789 624 quia
1819 572 1917 612 huic

296 640 494 681 locutioni
534 653 616 680 non
658 640 907 681 committere
940 641 1105 682 animos
1137 644 1392 683 contrarium
1425 644 1554 692 esset,
1588 642 1660 683 sed
1697 638 1914 703 ‘recipere'

297 711 361 751 vel
395 711 528 751 simile
561 711 822 759 vocabulum,
856 712 966 763 quod
989 712 1055 752 hic
1077 713 1264 766 intellegi
1295 726 1378 754 non
1409 716 1561 766 posset.

413 851 523 892 Hinc
564 851 736 892 tandem
779 851 1022 893 devenimus
1067 853 1118 893 ad
1160 852 1382 893 initium
1424 853 1674 894 carminis
1716 853 1833 894 cuius
1865 853 1917 894 de

298 921 440 962 ordine
482 922 580 973 quid
621 922 894 963 statuendum
934 923 1009 972 sit,
1058 924 1140 964 nisi
1181 924 1423 976 posterioris
1470 924 1601 976 partis
1648 924 1916 965 restitutione

296 993 407 1032 recte
441 994 484 1032 et
525 992 701 1033 feliciter
741 993 889 1034 effecta
922 994 1024 1035 satis
1047 995 1293 1035 luculenter
1325 996 1367 1034 et
1399 994 1450 1034 ad
1482 993 1820 1047 persuadendum
1853 1007 1920 1036 ac-

297 1062 555 1103 commodate
590 1064 802 1116 explanari
833 1077 917 1104 non
949 1065 1114 1117 poterit.

415 1132 573 1173 Versus
607 1137 750 1175 autem
787 1140 928 1175 1—10
962 1135 1020 1175 sic
1051 1136 1267 1188 proposuit
1298 1135 1342 1175 L.
1377 1134 1596 1176 Schwabe:

541 1203 696 1255 Vesper
728 1205 869 1245 adest:
901 1205 1081 1255 iuvenes,
1115 1206 1371 1257 consuryite:
1402 1219 1547 1257 vesper
1583 1205 1755 1259 Olympo

530 1273 768 1325 Expectata
800 1274 876 1315 diu
906 1276 979 1315 vix
1010 1275 1179 1316 tandem
1213 1275 1377 1316 lumina
1409 1275 1526 1317 tollit.

529 1344 709 1396 Suryere
740 1345 828 1385 iam
861 1347 1031 1397 tempus,
1064 1346 1152 1386 iam
1177 1346 1358 1398 pinquis
1391 1346 1579 1398 linquere
1610 1357 1799 1387 mensas:

527 1414 625 1455 Iam
657 1416 792 1456 veniet
822 1416 950 1468 viryo,
982 1416 1071 1456 iam
1103 1416 1264 1457 dicetur
1295 1416 1560 1468 hymenaeus,

472 1491 495 1527 5
529 1485 698 1538 Hymen
730 1499 751 1526 o
782 1486 1037 1539 Hymenaee,
1069 1487 1239 1539 Hymen
1271 1487 1371 1527 ades
1403 1500 1424 1528 o
1455 1487 1709 1539 Hymenaee.

531 1626 726 1677 Cernitis,
763 1628 978 1679 innuptae,
1010 1627 1211 1669 iuvenes?
1244 1628 1476 1681 consurgite
1507 1630 1674 1669 contra:

528 1697 750 1739 Nimirum
781 1701 939 1739 Oetaeos
972 1699 1150 1739 ostendit
1180 1699 1357 1751 noctifer
1391 1699 1513 1751 e'ynes.

528 1767 601 1810 Sic
632 1771 798 1809 certest:
829 1769 953 1809 viden
983 1772 1031 1809 ut
1055 1770 1289 1821 perniciter
1321 1768 1538 1810 exiluere?

529 1839 628 1880 Non
659 1843 807 1880 temere
839 1839 1046 1881 esciluere:
1079 1843 1227 1881 canent
1259 1840 1369 1892 quod
1398 1840 1561 1881 vincere
1589 1853 1674 1891 par
1706 1842 1774 1880 est.

442 1916 495 1952 10
528 1910 698 1962 Hymen
729 1924 750 1951 o
783 1910 1035 1963 Hymenaee,
1069 1911 1238 1963 Hymen
1269 1911 1370 1951 ades
1401 1924 1422 1951 0
1448 1910 1702 1963 Hymenaee.

409 1983 469 2022 Ac
500 1983 685 2035 primum
725 1982 914 2034 quidem,
954 1995 1005 2023 ne
1039 1982 1144 2023 duae
1172 1983 1367 2035 strophae
1401 1982 1595 2022 continuo
1628 1982 1739 2022 inter
1771 1993 1814 2022 se
1848 1993 1918 2021 ex-

293 2053 492 2105 cipientes
532 2053 683 2106 puellis
723 2053 983 2102 tribuantur,
1030 2053 1135 2093 illud
1181 2065 1253 2106 per
1301 2065 1343 2093 se
1385 2052 1659 2093 manifestum
1698 2064 1812 2092 nunc
1854 2052 1914 2100 fit,

293 2125 403 2164 stare
436 2137 517 2164 non
550 2136 670 2176 posse
702 2125 891 2164 nostram
913 2124 1168 2173 divisionem,
1200 2124 1280 2164 nisi
1303 2136 1502 2164 versuum
1526 2129 1638 2164 6-9
1663 2122 1744 2163 duo
1775 2123 1916 2175 poste-

292 2194 419 2234 riores
453 2201 476 2236 ὃ
512 2197 553 2235 et
587 2201 609 2236 9
643 2195 854 2243 iuvenum,
886 2194 1044 2247 priores
1077 2194 1157 2234 duo
1193 2200 1215 2235 6
1251 2196 1292 2234 et
1328 2200 1348 2235 7
1385 2194 1623 2246 puellarum
1656 2193 1772 2242 sunt,
1806 2204 1912 2244 quae

294 2264 439 2305 eadem
480 2265 719 2306 distributio
765 2265 867 2306 item
909 2265 1051 2305 ordine
1089 2278 1172 2305 non
1218 2264 1305 2305 sine
1346 2265 1460 2305 iusta
1499 2276 1626 2304 causa
1666 2263 1830 2304 inverso
1869 2263 1914 2302 in

293 2336 481 2376 versibus
520 2342 627 2377 1—4
660 2336 749 2377 fieri
782 2336 916 2376 debet.

410 2406 566 2447 Eadem
600 2407 710 2447 enim
741 2419 930 2459 persona,
964 2418 1069 2458 quae
1102 2418 1226 2446 versu
1261 2412 1282 2447 6
1316 2405 1416 2446 hoc:

535 2476 729 2526 Gerontis,
762 2477 978 2528 innuptae,
1012 2476 1213 2517 iuvenes?
1245 2475 1477 2527 consuryitc
1510 2477 1654 2516 contra

295 2559 413 2587 suani
433 2548 600 2588 turbam
618 2548 822 2597 hortatur,
845 2561 928 2588 non
949 2549 1089 2601 potest
1108 2560 1202 2588 mox
1222 2559 1393 2600 pergere
1414 2547 1455 2587 in
1483 2558 1607 2587 versu
1623 2552 1646 2587 8
1665 2546 1730 2586 his
1753 2545 1913 2586 verbis:

594 2617 665 2658 Sic
697 2621 860 2668 certest‚·
892 2618 1016 2658 viden
1046 2621 1093 2658 ut
1119 2618 1350 2669 perniciter
1382 2616 1600 2658 exiluere?

292 2688 537 2728 Baehrensii
568 2689 718 2729 horum
750 2702 948 2730 versuum
987 2689 1280 2742 interpretatio
1324 2688 1611 2729 infelicissima
1643 2689 1707 2728 est
1737 2699 1814 2728 nec
1843 2686 1914 2726 fir-

292 2760 433 2798 matur
456 2760 657 2800 sermonis
680 2772 759 2800 usu
784 2762 856 2800 aut
878 2761 1098 2801 verborum
1119 2772 1239 2800 nexu.
1291 2760 1496 2808 Graviter,
1528 2758 1676 2810 inquit,
1708 2757 1913 2811 repetitur

292 2829 417 2870 viden
448 2832 494 2869 ut
522 2831 749 2881 perniciter
781 2830 996 2872 effluere?
1026 2843 1126 2872 nam
1157 2831 1243 2884 ipse
1275 2831 1468 2884 proponit
1499 2830 1607 2870 hanc
1638 2829 1880 2870 lectionem:
