2013 3223
1055 148 1110 184 84

267 276 335 317 die
367 275 478 316 alten
510 274 729 315 lam-,werse
758 271 861 312 noch,
894 270 1122 323 Zeibhaftiy.
1185 270 1240 312 Je
1271 271 1373 312 zwei
1405 270 1615 311 derselben
1645 270 1745 311 sind
1773 270 1899 312 sehon

265 347 315 387 in
354 345 510 387 wikere
554 343 777 394 beeiehuny
818 355 872 383 ecc
913 341 1120 382 einander
1162 343 1333 394 yesetaet,
1374 341 1517 382 indem
1558 341 1632 382 der
1679 344 1783 382 erste
1823 341 1900 382 mit

267 417 440 467 hebmzy,
475 415 548 455 der
579 414 719 455 zweite
751 413 827 452 mit
868 411 1054 464 seulczmy
1096 412 1289 462 emetat,-
1330 412 1428 453 aber
1470 411 1586 452 beide
1626 411 1768 452 lealten
1807 412 1900 454 ihre

266 484 607 537 selbstiizzdiylceit
658 483 760 535 fest:
807 483 877 523 eiu
923 482 1164 523 vordervers
1221 485 1277 532 (v.
1335 484 1391 536 3)
1447 495 1615 534 πονήτας]
1660 482 1764 523 noch
1809 482 1900 523 υἱον

267 557 482 608 Izebunyen
514 554 590 595 mit
631 553 894 605 klinyemlem
937 566 1129 605 ausgyany
1166 565 1220 593 zu
1261 556 1421 604 trayen.
1484 551 1576 593 Der
1617 552 1787 593 wechsel
1826 552 1901 593 der

265 626 506 678 senile-unqen
528 625 583 665 ist
602 623 791 676 9ereqelt,
825 624 924 664 aber
945 623 1059 664 nicht
1080 623 1231 672 soweit,
1266 623 1365 663 dass
1386 623 1502 664 nicht
1523 624 1593 664 ein
1621 622 1902 664 troohc'c'isclzer

265 698 358 750 fuss
391 697 448 749 (v.
482 698 518 736 1.
562 697 617 748 3)
666 695 746 735 den
793 693 1082 747 daktylischen
1128 697 1331 735 vertrete‘n
1375 694 1538 735 λ’ϋηπέο.
1607 694 1901 736 Distribuendi

268 770 412 809 autem
448 768 548 807 sunt
580 766 775 806 versiculi
808 766 868 805 illi
900 765 1110 806 breviores
1143 765 1221 805 hoc
1253 764 1387 814 modo,
1422 777 1547 817 quem
1579 765 1794 806 litterulae
1827 777 1899 818 ap-

266 838 427 892 positae
460 837 672 877 indicant:

457 921 481 948 a
505 899 616 959 ’Ύψι
649 905 699 961 δὴ
731 905 781 946 τὸ
811 903 1034 959 μέλαθρον
1094 897 1303 960 ’Υμήναον

457 979 483 1019 b
512 970 709 1032 'Ae'QQfire
740 974 932 1025 τέκτονες
964 975 1110 1030 ἄνδρες
1168 967 1380 1032 )Υμήιάον

456 1061 480 1089 a
514 1052 551 1088 Γ
549 1047 713 1101 άμβρος
745 1043 909 1103 ἔρχεται
943 1041 1036 1096 ἶσος
1061 1038 1210 1101 ’Ἀρευι
1272 1038 1520 1102 (ΊΥμήναον)

450 1120 476 1160 b
500 1110 683 1172 )Ἀνόρος
713 1116 885 1171 μεγάλω
918 1117 1030 1158 πόλι)
1063 1114 1219 1169 μείζων
1282 1109 1524 1173 (Υμήναον)

266 1204 350 1232 una
393 1204 441 1231 ex
482 1191 600 1243 parte
655 1188 855 1229 laudatur
894 1188 1071 1228 thalami
1114 1188 1292 1228 altitudo
1344 1190 1545 1240 sequente
1589 1180 1896 1248 ‘meshymnio’

265 1261 333 1314 (cf.
366 1260 595 1313 Hephaest.
629 1257 729 1313 περὶ
763 1275 810 1298 π.
856 1271 887 1299 c.
930 1265 967 1300 8.
1038 1258 1213 1299 Usener.
1253 1259 1280 1298 l.
1325 1259 1396 1311 c.)‚
1441 1258 1552 1310 quod
1591 1260 1706 1299 totus
1748 1259 1898 1300 chorus

265 1332 324 1384 (a)
359 1331 525 1377 cantat;
570 1342 666 1382 ergo
708 1330 847 1382 priora
890 1329 1018 1370 verba
1051 1330 1125 1369 aut
1157 1329 1208 1370 ab
1241 1341 1325 1369 una
1357 1330 1529 1369 tantum
1560 1341 1758 1382 persona,
1791 1341 1898 1381 quae

265 1414 339 1455 pro
372 1401 545 1453 reliquis
578 1401 788 1453 interpres
822 1401 897 1449 est,
931 1402 1005 1440 aut
1038 1423 1091 1428 -
1133 1399 1174 1439 id
1217 1400 1328 1440 enim
1369 1412 1452 1440 non
1489 1400 1630 1440 minus
1671 1400 1770 1441 huic
1810 1400 1898 1441 loco

266 1472 461 1514 convenit
493 1494 549 1500 —
581 1472 683 1512 item
717 1472 767 1512 ab
800 1484 882 1511 uno
921 1471 1045 1512 choro
1088 1470 1145 1523 (a)
1188 1472 1426 1511 cantantur.
1486 1470 1623 1511 Immo
1665 1495 1718 1499 —
1761 1471 1901 1523 inquit

269 1543 446 1585 adversa
478 1555 575 1595 pars
618 1542 677 1595 (b)
712 1567 767 1571 ——
801 1542 928 1582 altius
962 1542 1146 1582 extollite
1186 1542 1271 1582 sive
1321 1542 1499 1582 excitate
1532 1542 1788 1590 thalamum,
1821 1542 1900 1582 sci-

266 1614 366 1654 licet
399 1613 497 1665 quia
539 1613 738 1653 humilior
780 1614 855 1661 est,
897 1612 1038 1653 addito
1080 1613 1236 1653 iterum
1277 1612 1553 1665 meshymnio.
1615 1612 1723 1652 Tum
1764 1612 1899 1653 denuo

266 1684 405 1724 illinc:
439 1696 532 1724 ecce
566 1696 693 1735 gener
726 1683 927 1723 adventat
959 1683 1109 1723 Martis
1153 1683 1322 1732 similis,
1365 1683 1592 1723 inclamato
1632 1682 1900 1736 meshymnio

266 1754 396 1808 (quod
430 1754 674 1807 suppletum
707 1754 809 1806 est);
843 1753 940 1794 hinc
972 1753 1013 1793 id
1047 1754 1292 1806 corrigitur:
1333 1754 1482 1802 immo,
1523 1766 1605 1794 uno
1648 1753 1787 1805 aliquo
1827 1753 1901 1794 ho-

266 1826 378 1866 mine
411 1837 590 1877 magnae
625 1826 814 1865 staturae
847 1824 982 1877 magis
1020 1837 1217 1877 procerus
1261 1825 1424 1877 (tumne
1463 1824 1549 1865 iam
1589 1824 1758 1865 valebat
1796 1823 1901 1864 illud

269 1896 443 1948 longum
494 1896 708 1936 hominem
758 1908 851 1936 raro
903 1895 1135 1948 sapientem
1186 1896 1324 1949 esseP)
1375 1895 1553 1948 repetito
1595 1895 1750 1936 iterum
1791 1906 1901 1936 mes-

268 1966 452 2020 hymnio.

389 2036 470 2077 Sed
505 2036 616 2089 quod
650 2037 700 2077 ab
724 2036 1037 2089 Hephaestione
1069 2037 1094 2076 l.
1128 2049 1160 2076 c.
1192 2036 1507 2088 meshymnium
1540 2037 1724 2085 vocatur,
1757 2035 1799 2076 id
1829 2048 1902 2089 po-

268 2108 353 2149 tius
386 2108 512 2148 unius
545 2108 748 2159 cuiusque
782 2119 929 2148 versus
953 2107 1141 2148 clausula
1166 2107 1251 2147 sive
1276 2107 1614 2147 additamentum
1646 2106 1737 2147 fuit.
1790 2106 1901 2148 Hinc

270 2180 445 2232 apparet
486 2178 599 2230 longi
640 2190 787 2218 versus
829 2178 1010 2231 speciem
1055 2190 1074 2218 e
1117 2178 1280 2218 chorico
1325 2180 1453 2218 cantu
1491 2178 1672 2218 duarum
1713 2178 1901 2230 partium

268 2249 378 2290 inter
401 2261 443 2289 se
464 2248 808 2301 respondentium
833 2250 875 2289 et
897 2248 1192 2301 excipientium
1216 2248 1420 2289 coaluisse
1442 2249 1578 2300 magis
1603 2260 1731 2301 quam
1751 2249 1900 2301 poetae

270 2320 448 2360 alicuius
481 2319 651 2360 consilio
686 2321 728 2360 et
761 2320 850 2360 arte
884 2319 1153 2359 commissam
1194 2318 1337 2359 fuisse.
1402 2318 1665 2371 Omninoque
1709 2318 1900 2359 choricus

270 2392 420 2431 cantus
453 2390 655 2443 primaria
688 2392 753 2430 est
784 2390 923 2443 poesis
959 2389 1069 2443 apud
1101 2389 1432 2441 Indogermanos
1465 2389 1612 2439 forma,
1646 2389 1756 2442 quod
1788 2389 1900 2430 idem

269 2460 492 2514 Westphal
523 2459 687 2500 Bletrz'k
717 2460 786 2500 112
827 2473 865 2513 p.
910 2465 992 2502 255
1037 2460 1255 2513 significat,
1299 2473 1395 2501 cum
1436 2460 1681 2513 primariam
1723 2459 1902 2500 formam

271 2531 529 2584 strophicam
562 2531 691 2571 fuisse
725 2531 952 2572 contendit.

389 2601 500 2642 Nam
533 2602 568 2642 si
601 2601 843 2642 Demetrius
876 2602 899 2642 l.
935 2615 966 2643 c.
1000 2602 1103 2643 bene
1137 2602 1441 2643 animadvertit
1473 2602 1515 2642 in
1546 2601 1597 2642 iis
1631 2613 1738 2654 quae
1780 2600 1902 2642 affert

273 2671 467 2725 Sapphus
512 2672 758 2724 fragmentis
805 2672 847 2712 id
891 2673 1167 2713 immutatum
1209 2673 1378 2725 corrigi,
1422 2672 1531 2725 quod
1575 2674 1701 2714 antea
1741 2671 1901 2713 dictum

272 2744 383 2783 esset
423 2738 533 2797 (ἔστι
568 2741 615 2783 δέ
646 2758 711 2792 τις
754 2739 875 2792 ἰδίως
904 2742 1028 2798 χάρις
1071 2743 1281 2799 Σαπφικὴ
1325 2742 1373 2784 ἐκ
1413 2742 1672 2798 μεταβολῆς,
1714 2742 1817 2783 ὅταν
1857 2757 1902 2783 τι

270 2809 453 2854 εἰποῦσα
484 2812 806 2869 μεταβάλληται
842 2812 916 2855 καὶ
950 2814 1096 2868 ὥσπερ
1128 2814 1386 2869 μετανοήσῃ·
1429 2806 1518 2855 οἷον
1548 2813 1662 2868 {upon
1695 2814 1737 2854 et
1769 2825 1807 2865 q.
1840 2812 1901 2866 s.)‚
