2013 3223
1068 161 1121 196 20

289 301 385 329 zum
427 285 658 337 Einschlay
701 282 929 334 ablzaspeln
973 282 1064 322 und
1108 281 1376 333 aufwiokeln,
1423 283 1471 322 ut
1507 281 1558 322 H.
1596 281 1798 323 Bliimner
1828 295 1904 336 pu-

292 360 355 399 tat
400 358 420 398 Ι
463 371 500 411 p.
545 362 646 404 134,
681 361 717 395 2.
778 354 958 395 Maxime
999 365 1094 393 vero
1135 353 1271 393 verbis
1307 348 1430 414 (ἔργα
1467 344 1666 393 τοιαῦτα’
1717 353 1905 405 cogimur

291 430 333 469 id
365 428 624 473 vocabulum,
658 424 767 477 quod
801 436 823 464 a
855 423 986 479 πήνη,
1025 436 1106 464 11011
1139 435 1162 463 a
1203 420 1355 478 πηνίον
1396 422 1631 463 derivatum
1672 424 1755 472 est,
1797 424 1906 464 siout

293 496 526 554 ῥοδανίζειν
558 509 581 537 a
613 493 778 550 ῥοόάνη,
811 490 1146 549 στηλιιονίζεσθαι
1179 505 1202 534 a
1233 493 1404 549 στήμων
1435 493 1501 547 (of.
1532 494 1557 533 l.
1591 506 1622 534 0.
1664 493 1685 534 Ι
1729 507 1767 546 p.
1810 499 1906 535 124.

294 569 394 621 125)
428 568 476 608 de
510 565 740 607 artificiosis
775 564 1022 605 subteminis
1054 564 1201 605 inserti
1233 564 1425 617 operibus
1457 564 1735 617 interpretari.
1786 564 1905 605 Loeis

297 639 457 680 duobus
501 635 735 688 Euripideis
768 635 852 675 iam
892 635 917 675 l.
960 647 991 675 0.
1031 634 1052 675 Ι
1100 648 1138 688 p.
1185 640 1267 676 135
1310 635 1353 675 in
1392 635 1484 675 adn.
1524 635 1662 675 allatis
1703 636 1904 676 numerus

290 709 464 762 pluralis
498 715 631 762 πῆναι
663 707 914 758 usurpatum
949 717 996 746 ex
1027 717 1110 745 uno
1142 705 1230 745 loeo
1262 705 1362 746 Heo.
1394 718 1429 746 v.
1462 711 1544 747 471
1581 729 1636 734 —
1667 717 1766 746 nam
1799 705 1906 746 alter

291 792 379 820 rem
411 791 492 818 non
524 778 711 817 illustrat
736 800 802 825 —‚
834 776 905 817 ubi
938 775 987 816 de
1020 775 1276 816 ornamentis
1300 775 1512 816 Minervae
1544 776 1655 828 pepli
1687 788 1764 816 aou
1784 776 1907 828 pictis

292 850 461 897 dieitur,
502 844 544 888 ἐν
584 845 746 901 κροκέῳ
787 844 944 901 πέπλῳ
987 844 1187 898 ζεύξομαι
1220 877 1228 886 .
1253 877 1263 885 .
1286 876 1295 885 .
1340 844 1512 894 πώλους
1552 844 1594 885 ἐν
1633 843 1909 887 δαιδαλέαισι

291 909 565 960 ποικι’λλουσ’
592 916 898 973 ἅνθοκρόκοισι
922 916 1079 972 πήναις
1100 916 1205 956 11111(1
1239 915 1407 968 quidem
1440 917 1624 969 apparet,
1656 915 1795 972 πήνας
1817 928 1907 957 esse

293 989 497 1031 coloribus
540 988 738 1028 distincta
779 987 916 1040 spatia
955 987 980 1027 i.
1012 999 1044 1027 e.
1076 985 1251 1035 Felder,
1294 986 1337 1026 in
1379 986 1529 1038 quibus
1572 987 1691 1039 signa
1731 999 1809 1028 aou
1848 987 1910 1027 in-

293 1060 544 1105 suebantur;
579 1055 842 1114 πηνίζεσθαι
874 1058 1002 1110 igitur
1033 1057 1127 1098 inde
1162 1057 1396 1098 derivatum
1419 1057 1626 1109 signifieat
1647 1057 1749 1098 talia
1772 1057 1909 1110 spatia

292 1131 357 1171 vel
396 1130 439 1170 111
486 1142 630 1170 00111111
670 1129 769 1170 loeis
814 1129 926 1181 ipsas
964 1128 1119 1181 figuras
1160 1128 1241 1168 filis
1289 1128 1536 1169 subteminis
1583 1128 1728 1169 factas.
1798 1127 1909 1169 Nam

293 1200 404 1257 πήνη
437 1200 542 1240 nihil
575 1200 688 1240 aliud
721 1199 953 1251 significare
984 1200 1122 1252 potest
1152 1199 1232 1239 nisi
1263 1198 1393 1239 filum.
1455 1198 1504 1239 Id
1537 1200 1679 1239 autem
1721 1211 1823 1251 opus
1862 1198 1910 1239 fit

290 1270 337 1313 ἐκ
368 1270 567 1312 καλάθου
600 1271 624 1310 1.
658 1283 690 1311 0.
723 1283 743 1311 0
778 1270 912 1322 qualo.

410 1342 519 1394 Ergo
551 1341 712 1394 palma,
755 1352 881 1392 quam
921 1352 941 1381 e
985 1339 1158 1391 qualis
1199 1339 1382 1380 intexere
1426 1339 1563 1380 sciunt
1604 1340 1788 1392 puellae,
1827 1340 1911 1381 vic-

291 1413 421 1454 toriae
471 1413 637 1464 signum
679 1411 763 1452 iam
806 1412 898 1451 tum
941 1409 1135 1463 Sapphus
1179 1411 1316 1451 aetate
1357 1409 1469 1450 fuiti>
1513 1411 1679 1451 constat
1717 1410 1828 1451 enim
1867 1411 1911 1451 in

291 1483 468 1538 publicis
503 1482 760 1524 Graecorum
792 1481 902 1522 ludis
943 1482 1109 1534 praeter
1148 1493 1341 1521 eoronam
1380 1481 1545 1534 palmae
1587 1493 1752 1533 quoque
1793 1493 1912 1534 prae-

290 1555 424 1595 mium
465 1553 689 1594 Alexandri
739 1554 894 1601 aetate,
937 1565 1033 1593 oum
1084 1552 1254 1593 orientis
1300 1552 1518 1604 regionum
1559 1551 1698 1592 aditus
1741 1550 1910 1593 Graecis

292 1625 530 1679 patefactus
564 1625 685 1672 esset,
718 1624 943 1664 victoribus
977 1623 1125 1663 datum
1158 1634 1247 1663 esse
1280 1622 1329 1663 of.
1350 1624 1398 1663 A.
1419 1622 1635 1674 Kiessling
1666 1621 1717 1662 ad
1748 1622 1847 1663 Hor.
1881 1635 1912 1663 0.

291 1696 313 1736 Ι
350 1703 384 1745 1,
419 1701 455 1737 5.
507 1694 697 1735 Pertinet
727 1695 810 1734 huo
848 1693 1082 1734 Pausaniae
1114 1693 1229 1733 loeus
1269 1693 1551 1733 memorabilis
1592 1692 1699 1732 VH]
1745 1698 1822 1742 48,
1864 1697 1912 1733 2:

294 1764 332 1808 oi
367 1764 413 1807 δὲ
445 1764 600 1819 ἀγῶνες
631 1761 825 1820 φοίνικος
857 1760 1021 1815 ἔχουσιν
1053 1760 1093 1804 οἱ
1125 1762 1283 1804 πολλοὶ
1315 1761 1544 1818 στέφανον·
1577 1761 1619 1811 ἐς
1651 1760 1698 1804 δὲ
1728 1763 1803 1818 τὴν
1844 1762 1912 1804 δε-

293 1836 389 1887 ξιάν
421 1834 512 1877 ἐστι
544 1833 617 1876 καὶ
650 1840 871 1885 πανταχοῦ
901 1832 964 1888 τῷ
995 1841 1165 1874 νικῶντι
1198 1831 1473 1886 ἐστιθέμενος
1505 1830 1671 1889 φοίνιξ·
1704 1830 1912 1890 ἐνομίσθη

293 1905 339 1948 de*
371 1905 447 1948 ἐπὶ
478 1904 650 1960 τοιῷδε·
703 1902 882 1960 Θησέα
915 1902 1385 1956 ἀνακομιζόμενον
1416 1902 1468 1945 ἐκ
1500 1903 1715 1960 Κρήτης
1746 1902 1914 1959 φασὶν

294 1976 345 2019 ἐν
376 1977 525 2033 Δήλῳ
558 1976 729 2030 ἀγῶνα
762 1975 1111 2031 ποιήσασθαι
1142 1974 1211 2030 τῷ
1240 1966 1568 2025 Ἀπόλλωνι,
1608 1980 1914 2029 στεφανοῦν

294 2047 353 2089 δὲ
385 2046 544 2089 αὐτὸν
575 2047 698 2095 τοὺς
730 2053 991 2095 νικῶντας
1013 2042 1335 2101 τῷφοίνικι·
1367 2051 1490 2086 τοῦτο
1520 2042 1596 2097 μὲν
1617 2044 1667 2100 δὴ
1690 2043 1819 2099 ἄρξαι
1844 2042 1914 2086 λέ-

294 2133 435 2174 γουσιν
467 2116 680 2159 ἐντεῦθεν.
714 2123 789 2158 τοῦ
821 2115 868 2157 δὲ
898 2113 1092 2172 φοίνικος
1124 2122 1199 2156 τοῦ
1230 2114 1273 2156 ἐν
1305 2114 1431 2171 Δήλῳ
1471 2115 1636 2170 μνήμην
1677 2113 1913 2170 ἐποιήσατο

294 2188 368 2230 καὶ
393 2180 583 2244 (Όμηρος
615 2186 657 2229 ἐν
687 2179 923 2235 Ὀδυσσέως
956 2184 1094 2242 ἱκεσίᾳ
1126 2186 1235 2241 πρὸς
1277 2186 1350 2242 τὴν
1390 2178 1588 2227 ’Λλκίνου
1628 2183 1848 2241 θυγατέρα
1882 2184 1914 2240 [ε

299 2266 392 2301 162.
428 2260 542 2311 163}
607 2258 688 2299 Sed
721 2258 800 2298 etsi
831 2258 990 2307 locum,
1024 2270 1105 2309 quo
1147 2257 1189 2297 in
1231 2257 1364 2297 Lesbo
1407 2256 1599 2310 Sapphus
1641 2257 1778 2297 aetate
1819 2268 1915 2297 eum

296 2343 455 2371 morem
487 2330 715 2370 obtinuisse
747 2329 939 2381 probem,
972 2327 1117 2369 afferre
1157 2341 1239 2368 non
1279 2340 1469 2380 possum,
1510 2329 1653 2368 tamen
1693 2339 1788 2368 eum
1828 2327 1916 2380 pal-

297 2413 463 2441 marum
496 2401 615 2452 signa
646 2400 689 2440 111
722 2399 898 2440 texturis
933 2399 1072 2439 effiota
1104 2399 1147 2439 in
1179 2400 1299 2439 tanta
1332 2399 1420 2439 eius
1457 2398 1618 2438 insulae
1661 2398 1703 2438 et
1744 2397 1914 2438 orientis

298 2471 509 2511 vicinitate
542 2483 623 2511 non
654 2471 713 2510 ita
744 2469 1002 2511 incredibilia
1035 2469 1267 2518 videantur,
1299 2481 1350 2508 ne
1383 2469 1452 2509 ille
1486 2468 1654 2521 quidem
1685 2480 1775 2508 mos
1796 2479 1916 2520 prae-

298 2541 477 2582 miorum
510 2542 559 2581 ab
593 2541 705 2582 omni
745 2540 832 2581 veri
874 2539 1145 2580 similitudine
1179 2539 1344 2580 videtur
1377 2539 1610 2579 abhorrere.
1671 2538 1782 2578 Nam
1822 2538 1916 2590 My-

299 2624 451 2652 cenaea
483 2624 581 2652 vasa
615 2624 673 2660 ea,
707 2623 812 2663 quae
844 2611 1024 2651 maxime
1058 2610 1147 2650 eius
1180 2610 1344 2662 generis
1376 2610 1542 2663 propria
1575 2610 1685 2658 sunt,
1717 2609 1760 2649 in
1793 2620 1914 2649 orna-

299 2684 535 2723 mentorum
566 2694 739 2722 numero
773 2682 929 2722 habent
961 2693 1056 2722 eum
1088 2680 1190 2721 alias
1220 2680 1387 2733 plantas
1411 2682 1502 2720 tum
1524 2680 1762 2732 palmarum
1785 2678 1914 2730 signa,

302 2765 428 2805 quam
461 2753 649 2792 arborem
683 2765 730 2793 ea
763 2753 899 2793 aetate
931 2752 1113 2804 primum
1146 2750 1305 2799 Graeci,
1339 2750 1409 2802 qui
1442 2749 1610 2802 quidem
1640 2749 1683 2789 in
1715 2748 1796 2789 oris
1827 2760 1916 2788 ma-

300 2823 449 2863 ritimis
502 2822 762 2874 habitabant,
813 2822 1008 2863 videntur
1055 2821 1306 2874 cognovisse.
1376 2820 1459 2862 Ubi
1512 2819 1663 2860 talium
1720 2830 1915 2859 vasorum
