2013 3223
1038 122 1117 158 132

378 247 470 287 Iam
514 259 608 287 vero
650 246 920 298 perspicuum
959 245 1006 285 fit
1047 245 1285 285 membrum
1318 245 1614 286 secundarium
1652 246 1889 298 insequens,

265 318 373 370 quod
407 319 471 358 est
504 318 544 357 in
579 330 614 357 v.
649 322 726 363 74,
776 315 827 355 ad
860 316 976 368 prius
1018 315 1123 355 illud
1159 327 1262 376 (non
1295 316 1379 356 ullo
1412 327 1510 356 vera
1543 316 1690 356 timore
1724 307 1886 368 tegam'

263 387 528 429 referendum
561 398 675 432 esse;
724 385 833 438 quod
866 385 955 426 fieri
987 397 1069 425 non
1101 387 1240 438 potest
1272 386 1353 426 nisi
1384 386 1567 439 reposita
1600 386 1889 428 coniunctione

263 471 383 509 quom
423 470 494 510 pro
538 470 604 505 eo,
649 456 758 507 quod
792 457 882 496 erat
925 455 968 495 111
1001 455 1138 496 codice
1172 455 1221 504 V,
1265 447 1375 518 ‘qui'
1421 458 1463 497 et
1506 448 1645 518 ‘quin’
1692 456 1806 510 (nam
1839 455 1899 496 M

255 527 430 579 praebet
467 539 509 588 (q
544 527 584 567 al
618 517 736 578 quin'
775 525 822 566 cf.
856 525 1035 566 Hermes
1071 530 1180 567 1888
1214 539 1252 579 p.
1287 527 1414 580 573):

496 596 691 648 Namque
725 609 794 648 eqo
825 609 909 636 'non
940 595 1028 636 ullo
1062 609 1160 636 vera
1191 596 1339 637 timore
1370 600 1517 649 teyam,

556 665 644 708 Nee
675 666 714 706 si
746 680 809 707 me
840 666 1009 718 infestis
1042 667 1279 718 discerpent
1310 667 1454 708 sidera
1486 668 1620 717 dietis,

500 736 680 779 Condita
713 750 858 789 quom
890 738 1001 778 verei
1027 738 1210 788 pectoris
1242 737 1442 787 evoluam,

258 810 282 850 i.
316 822 347 850 e.
382 821 508 861 quom
542 820 647 860 quae
685 801 888 870 ‘condita'
926 808 1011 849 sive
1051 809 1215 849 inclusa
1254 810 1419 861 pectore
1462 809 1679 862 hucusque
1719 809 1890 852 fuerunt

262 905 313 909 —-
349 880 469 920 aliter
503 879 606 919 haec
639 879 765 919 verba
799 878 1018 919 Baehrens
1052 879 1356 932 interpretatus
1391 881 1455 920 est
1489 904 1555 927 -,
1596 881 1645 920 ut
1677 893 1772 921 sum
1805 881 1890 922 veri

260 963 429 999 amans,
477 961 668 1003 promam
711 950 795 990 sive
837 948 1035 990 evomam.
1098 949 1178 990 Per
1223 962 1266 991 se
1316 950 1485 1002 quidem
1535 943 1732 1011 (evolvo',
1781 951 1891 1004 quod

260 1022 476 1063 Baehrens
518 1033 683 1073 quoque
733 1021 1019 1073 comprobavit
1060 1033 1133 1073 pro
1176 1020 1327 1061 codicis
1371 1020 1411 1061 V
1439 1021 1647 1074 scriptura
1691 1013 1890 1084 (evolve',

260 1093 417 1133 bonum
450 1093 534 1140 est,
569 1091 641 1131 sed
673 1092 844 1144 propter
878 1091 1098 1132 consilium
1130 1091 1383 1141 indicatum,
1427 1104 1506 1144 quo
1541 1092 1667 1133 libere
1702 1105 1744 1133 se
1776 1093 1890 1146 loqui

259 1163 363 1203 velle
406 1174 523 1203 coma
566 1161 745 1211 fatetur,
793 1161 986 1201 futurum
1029 1163 1197 1214 tempus
1238 1164 1439 1215 praestat.
1504 1162 1585 1204 Sed
1626 1163 1738 1204 enim
1788 1176 1890 1226 cnon

258 1225 417 1285 tegam’
465 1244 548 1272 non
589 1231 700 1272 idem
741 1233 807 1272 est
849 1233 976 1283 atque
1023 1244 1127 1292 ι11011
1169 1224 1384 1285 impedio'‚
1426 1233 1535 1274 unde
1582 1226 1738 1294 ((111111’,
1781 1234 1891 1286 quod

258 1304 504 1345 Lachmann
547 1303 743 1351 coniecit,
791 1303 1039 1356 plerumque
1087 1303 1267 1356 pendere
1316 1304 1484 1351 volunt;
1537 1304 1622 1345 iam
1668 1305 1703 1345 si
1748 1296 1885 1365 ‘quin‘

259 1375 497 1428 scripsisset
528 1375 668 1427 poeta,
703 1385 751 1414 ea
784 1373 1039 1421 001111111οῐ10,
1074 1386 1180 1425 quae
1214 1376 1279 1414 est
1311 1386 1409 1415 vera
1442 1375 1530 1415 eius
1563 1375 1686 1423 notio,
1718 1387 1889 1428 prorsus

259 1446 386 1487 aliam
419 1446 461 1486 et
494 1457 517 1485 a
552 1456 669 1506 (vero
692 1436 879 1497 pectore'
907 1444 1116 1485 diversam
1150 1444 1434 1486 condicionem
1465 1446 1643 1498 pectoris
1677 1446 1889 1487 abnueret.

260 1516 342 1557 Sed
375 1528 423 1557 ea
455 1515 633 1568 pectoris
668 1515 822 1555 veritas
856 1515 975 1555 unice
1009 1517 1216 1567 urguetur
1249 1517 1291 1556 et
1323 1516 1543 1568 cogitatur,
1575 1517 1762 1569 nihilque
1795 1529 1891 1558 con-

258 1587 377 1628 trarii
402 1587 558 1627 subest.
622 1585 676 1625 Et
709 1586 773 1626 est
796 1585 836 1625 id
862 1609 913 1614 —
939 1587 987 1626 ut
1010 1598 1138 1639 supra
1160 1599 1197 1639 p.
1223 1592 1396 1628 76—78
1421 1587 1504 1627 iam
1527 1587 1810 1628 intelleximus
1833 1609 1891 1616 —

259 1657 475 1711 proprium
522 1659 692 1697 tantum
740 1656 1041 1697 coniunctionis
1094 1649 1276 1717 (quom',
1325 1670 1407 1698 non
1454 1658 1564 1698 inest
1606 1670 1655 1698 ea
1694 1659 1807 1699 notio
1847 1658 1891 1699 in

259 1728 548 1769 coniunctione
600 1717 743 1788 ‘quin'
796 1728 870 1767 aut
918 1727 960 1766 in
1008 1728 1251 1779 pronomine
1303 1720 1468 1788 ‘quae',
1518 1728 1628 1780 quod
1674 1728 1889 1770 Baehrens

259 1799 404 1839 suasit.

378 1939 549 1980 Habent
582 1938 662 1979 duo
697 1950 745 1979 ea
778 1939 999 1979 enuntiata
1032 1938 1208 1979 eandem
1245 1939 1476 1992 perfecti
1517 1941 1776 1994 temporis
1809 1940 1892 1982 for-

259 2023 373 2051 mam
406 2011 447 2050 in
482 2009 671 2051 eiusdem
705 2009 902 2050 carminis
936 2022 1059 2050 versu
1093 2015 1161 2058 45,
1193 2010 1265 2050 ubi
1297 2011 1360 2051 bis
1394 2012 1531 2051 exstat
1565 2003 1701 2068 ‘oum'
1737 2012 1780 2052 in
1811 2012 1890 2053 11οο

260 2082 360 2130 loco,
395 2093 520 2133 quem
553 2080 785 2121 secundum
819 2079 1033 2121 Schwabei
1067 2080 1295 2121 editionem
1327 2093 1529 2134 propono:

494 2150 578 2191 Ille
610 2163 769 2203 qaoque
800 2163 967 2191 eversus
998 2163 1116 2190 mons
1147 2153 1216 2200 est,
1249 2164 1368 2202 quem
1400 2152 1634 2192 maximam
1665 2152 1712 2192 in
1744 2152 1831 2193 oris

555 2220 783 2271 Proqenies
822 2221 860 2261 T
859 2221 957 2262 hiae
988 2220 1107 2261 clara
1139 2221 1444 2275 supervehitur,

408 2299 461 2335 45
501 2290 605 2333 Cam
638 2291 760 2332 Medi
784 2305 986 2343 peperere
1017 2305 1166 2333 novum
1199 2305 1328 2342 mare,
1364 2306 1537 2345 eumque
1569 2293 1763 2335 iuventus

558 2362 642 2403 Per
674 2362 857 2403 medium
890 2361 1017 2404 classi
1049 2362 1236 2403 barbara
1269 2363 1390 2404 navit
1421 2363 1574 2405 Athon.

262 2433 484 2475 Neminem
521 2433 646 2495 (ferro
678 2426 843 2487 parem'
883 2446 973 2474 esse
1016 2434 1101 2474 sive
1134 2434 1330 2476 resistere
1363 2447 1483 2487 posse
1517 2447 1635 2476 coma
1666 2435 1888 2477 Berenices

260 2505 392 2545 invita
424 2504 584 2545 fatetur
616 2505 657 2544 in
690 2518 726 2544 v.
759 2509 835 2545 42:

590 2573 674 2616 Sed
705 2575 801 2626 qais
832 2588 875 2615 se
906 2576 1019 2627 ferro
1044 2567 1229 2628 postulet
1261 2587 1344 2616 esse
1374 2575 1556 2626 parem?

263 2669 315 2674 ——
344 2637 455 2706 ‘qui'
482 2646 604 2694 enim,
639 2645 748 2698 quod
781 2645 941 2686 codices
974 2646 1187 2699 praebent,
1221 2646 1321 2698 quid
1354 2646 1432 2687 sibi
1464 2646 1531 2687 hic
1562 2647 1662 2687 velit
1694 2646 1889 2699 equidem

259 2728 342 2757 non
376 2716 567 2769 dispicio;
611 2710 744 2778 (quis’
783 2729 879 2757 cum
914 2716 1048 2757 Statio
1083 2716 1218 2769 quivis
1251 2717 1456 2769 prudens,
1501 2717 1572 2769 qui
1605 2717 1774 2769 quidem
1805 2729 1889 2758 non

263 2787 428 2839 quaerit
450 2786 556 2827 falsa
579 2787 778 2828 orationis
803 2787 989 2836 artificia,
1022 2789 1215 2840 reponet;
1248 2799 1369 2840 porro
1393 2799 1557 2828 comam
1578 2799 1652 2840 per
1678 2778 1885 2848 ‘quoque’
