<?xml version="1.0" encoding="UTF-8"?>
<!DOCTYPE html PUBLIC "-//W3C//DTD XHTML 1.0 Transitional//EN"
    "http://www.w3.org/TR/xhtml1/DTD/xhtml1-transitional.dtd">
<html xmlns="http://www.w3.org/1999/xhtml" xml:lang="en" lang="en">
 <head>
  <title>
</title>
<meta http-equiv="Content-Type" content="text/html;charset=utf-8" />
  <meta name='ocr-system' content='tesseract 3.04.00' />
  <meta name='ocr-capabilities' content='ocr_page ocr_carea ocr_par ocr_line ocrx_word'/>
</head>
<body>
  <div class='ocr_page' id='page_1' title='image "./quaestionescatul00webeuoft_0150.png"; bbox 0 0 2013 3223; ppageno 0'>
   <div class='ocr_carea' id='block_1_1' title="bbox 1049 131 1131 168">
    <p class='ocr_par' dir='ltr' id='par_1_1' title="bbox 1049 131 1131 168">
     <span class='ocr_line' id='line_1_1' title="bbox 1049 131 1131 168; baseline 0.012 -1"><span class='ocrx_word' id='word_1_1' title='bbox 1049 131 1131 168; x_wconf 86' lang='lat'>130</span> 
     </span>
    </p>
   </div>
   <div class='ocr_carea' id='block_1_2' title="bbox 983 186 1194 190">
    <p class='ocr_par' dir='ltr' id='par_1_2' title="bbox 983 186 1194 190">
     <span class='ocr_line' id='line_1_2' title="bbox 983 186 1194 190; baseline 0 0"><span class='ocrx_word' id='word_1_2' title='bbox 983 186 1194 190; x_wconf 95' lang='lat' dir='ltr'> </span> 
     </span>
    </p>
   </div>
   <div class='ocr_carea' id='block_1_3' title="bbox 278 254 1929 2860">
    <p class='ocr_par' dir='ltr' id='par_1_3' title="bbox 278 254 1918 1296">
     <span class='ocr_line' id='line_1_3' title="bbox 279 254 1910 314; baseline -0.004 -10"><span class='ocrx_word' id='word_1_3' title='bbox 279 262 496 305; x_wconf 89' lang='lat' dir='ltr'>Catullum</span> <span class='ocrx_word' id='word_1_4' title='bbox 527 258 796 314; x_wconf 75' lang='lat' dir='ltr'>proprietatis</span> <span class='ocrx_word' id='word_1_5' title='bbox 829 256 987 297; x_wconf 74' lang='lat' dir='ltr'>virtute</span> <span class='ocrx_word' id='word_1_6' title='bbox 1032 256 1074 295; x_wconf 87' lang='lat' dir='ltr'>et</span> <span class='ocrx_word' id='word_1_7' title='bbox 1105 255 1147 294; x_wconf 90' lang='lat' dir='ltr'>in</span> <span class='ocrx_word' id='word_1_8' title='bbox 1180 255 1304 295; x_wconf 88' lang='lat' dir='ltr'>rebus</span> <span class='ocrx_word' id='word_1_9' title='bbox 1339 256 1380 295; x_wconf 89' lang='lat' dir='ltr'>et</span> <span class='ocrx_word' id='word_1_10' title='bbox 1410 255 1454 294; x_wconf 91' lang='lat' dir='ltr'>in</span> <span class='ocrx_word' id='word_1_11' title='bbox 1489 254 1674 295; x_wconf 89' lang='lat' dir='ltr'>oratione</span> <span class='ocrx_word' id='word_1_12' title='bbox 1708 256 1910 297; x_wconf 79' lang='lat' dir='ltr'>excellere</span> 
     </span>
     <span class='ocr_line' id='line_1_4' title="bbox 280 324 1913 381; baseline -0.005 -6"><span class='ocrx_word' id='word_1_13' title='bbox 280 333 446 375; x_wconf 85' lang='lat' dir='ltr'>concedi</span> <span class='ocrx_word' id='word_1_14' title='bbox 491 332 631 375; x_wconf 78' lang='lat' dir='ltr'>debet,</span> <span class='ocrx_word' id='word_1_15' title='bbox 680 330 791 368; x_wconf 80' lang='lat' dir='ltr'>certe</span> <span class='ocrx_word' id='word_1_16' title='bbox 836 326 1084 366; x_wconf 84' lang='lat' dir='ltr'>fatebuntur</span> <span class='ocrx_word' id='word_1_17' title='bbox 1126 325 1376 378; x_wconf 82' lang='lat' dir='ltr'>interpretes</span> <span class='ocrx_word' id='word_1_18' title='bbox 1418 325 1486 366; x_wconf 90' lang='lat' dir='ltr'>hic</span> <span class='ocrx_word' id='word_1_19' title='bbox 1532 337 1697 377; x_wconf 91' lang='lat' dir='ltr'>quoque</span> <span class='ocrx_word' id='word_1_20' title='bbox 1728 324 1789 381; x_wconf 59' lang='lat' dir='ltr'>sex</span> <span class='ocrx_word' id='word_1_21' title='bbox 1819 327 1913 368; x_wconf 87' lang='lat' dir='ltr'>eius</span> 
     </span>
     <span class='ocr_line' id='line_1_5' title="bbox 278 395 1909 454; baseline -0.003 -13"><span class='ocrx_word' id='word_1_22' title='bbox 278 400 416 454; x_wconf 92' lang='lat' dir='ltr'>poesis</span> <span class='ocrx_word' id='word_1_23' title='bbox 459 397 763 440; x_wconf 89' lang='lat' dir='ltr'>consuetudine</span> <span class='ocrx_word' id='word_1_24' title='bbox 807 395 1108 448; x_wconf 88' lang='lat' dir='ltr'>suspicandum</span> <span class='ocrx_word' id='word_1_25' title='bbox 1151 407 1242 436; x_wconf 90' lang='lat' dir='ltr'>esse</span> <span class='ocrx_word' id='word_1_26' title='bbox 1275 396 1443 448; x_wconf 87' lang='lat' dir='ltr'>poetam</span> <span class='ocrx_word' id='word_1_27' title='bbox 1476 396 1692 449; x_wconf 91' lang='lat' dir='ltr'>proprium</span> <span class='ocrx_word' id='word_1_28' title='bbox 1725 396 1909 448; x_wconf 81' lang='lat' dir='ltr'>aliquem</span> 
     </span>
     <span class='ocr_line' id='line_1_6' title="bbox 281 466 1909 519; baseline -0.002 -8"><span class='ocrx_word' id='word_1_29' title='bbox 281 470 463 511; x_wconf 90' lang='lat' dir='ltr'>dolorem</span> <span class='ocrx_word' id='word_1_30' title='bbox 495 469 561 508; x_wconf 89' lang='lat' dir='ltr'>his</span> <span class='ocrx_word' id='word_1_31' title='bbox 594 467 730 508; x_wconf 78' lang='lat' dir='ltr'>verbis</span> <span class='ocrx_word' id='word_1_32' title='bbox 753 466 974 507; x_wconf 75' lang='lat' dir='ltr'>inclusisse</span> <span class='ocrx_word' id='word_1_33' title='bbox 1009 477 1056 506; x_wconf 89' lang='lat' dir='ltr'>ac</span> <span class='ocrx_word' id='word_1_34' title='bbox 1087 466 1228 518; x_wconf 86' lang='lat' dir='ltr'>potius</span> <span class='ocrx_word' id='word_1_35' title='bbox 1263 466 1444 507; x_wconf 89' lang='lat' dir='ltr'>amicum</span> <span class='ocrx_word' id='word_1_36' title='bbox 1479 467 1520 507; x_wconf 87' lang='lat' dir='ltr'>et</span> <span class='ocrx_word' id='word_1_37' title='bbox 1553 479 1595 507; x_wconf 90' lang='lat' dir='ltr'>se</span> <span class='ocrx_word' id='word_1_38' title='bbox 1629 468 1768 519; x_wconf 87' lang='lat' dir='ltr'>ipsum</span> <span class='ocrx_word' id='word_1_39' title='bbox 1800 479 1909 507; x_wconf 91' lang='lat' dir='ltr'>mor-</span> 
     </span>
     <span class='ocr_line' id='line_1_7' title="bbox 279 537 1913 592; baseline -0.002 -11"><span class='ocrx_word' id='word_1_40' title='bbox 279 541 364 581; x_wconf 88' lang='lat' dir='ltr'>tuis</span> <span class='ocrx_word' id='word_1_41' title='bbox 388 538 641 592; x_wconf 89' lang='lat' dir='ltr'>opposuisse.</span> <span class='ocrx_word' id='word_1_42' title='bbox 694 537 839 578; x_wconf 86' lang='lat' dir='ltr'>Amico</span> <span class='ocrx_word' id='word_1_43' title='bbox 862 537 991 589; x_wconf 83' lang='lat' dir='ltr'>igitur</span> <span class='ocrx_word' id='word_1_44' title='bbox 1015 549 1162 577; x_wconf 87' lang='lat' dir='ltr'>sensus</span> <span class='ocrx_word' id='word_1_45' title='bbox 1197 537 1262 577; x_wconf 88' lang='lat' dir='ltr'>sui</span> <span class='ocrx_word' id='word_1_46' title='bbox 1295 538 1335 578; x_wconf 85' lang='lat' dir='ltr'>et</span> <span class='ocrx_word' id='word_1_47' title='bbox 1360 537 1514 578; x_wconf 90' lang='lat' dir='ltr'>doloris</span> <span class='ocrx_word' id='word_1_48' title='bbox 1548 550 1595 578; x_wconf 90' lang='lat' dir='ltr'>ea</span> <span class='ocrx_word' id='word_1_49' title='bbox 1619 538 1913 578; x_wconf 84' lang='lat' dir='ltr'>communione</span> 
     </span>
     <span class='ocr_line' id='line_1_8' title="bbox 282 606 1910 663; baseline -0.001 -13"><span class='ocrx_word' id='word_1_50' title='bbox 282 611 514 663; x_wconf 84' lang='lat' dir='ltr'>significata</span> <span class='ocrx_word' id='word_1_51' title='bbox 548 608 877 649; x_wconf 75' lang='lat' dir='ltr'>consolationem</span> <span class='ocrx_word' id='word_1_52' title='bbox 911 607 1097 659; x_wconf 87' lang='lat' dir='ltr'>aliquam</span> <span class='ocrx_word' id='word_1_53' title='bbox 1129 608 1329 660; x_wconf 86' lang='lat' dir='ltr'>praebere</span> <span class='ocrx_word' id='word_1_54' title='bbox 1362 608 1543 648; x_wconf 80' lang='lat' dir='ltr'>voluisse</span> <span class='ocrx_word' id='word_1_55' title='bbox 1576 608 1789 661; x_wconf 88' lang='lat' dir='ltr'>putandus</span> <span class='ocrx_word' id='word_1_56' title='bbox 1822 606 1910 658; x_wconf 65' lang='lat' dir='ltr'>estf;</span> 
     </span>
     <span class='ocr_line' id='line_1_9' title="bbox 285 673 1914 743; baseline -0.002 -22"><span class='ocrx_word' id='word_1_57' title='bbox 285 673 465 743; x_wconf 75' lang='lat' dir='ltr'>tnostro&#39;</span> <span class='ocrx_word' id='word_1_58' title='bbox 491 691 574 720; x_wconf 90' lang='lat' dir='ltr'>non</span> <span class='ocrx_word' id='word_1_59' title='bbox 608 679 660 719; x_wconf 87' lang='lat' dir='ltr'>ad</span> <span class='ocrx_word' id='word_1_60' title='bbox 692 679 909 719; x_wconf 85' lang='lat' dir='ltr'>universos</span> <span class='ocrx_word' id='word_1_61' title='bbox 932 678 1122 718; x_wconf 90' lang='lat' dir='ltr'>homines</span> <span class='ocrx_word' id='word_1_62' title='bbox 1156 678 1350 727; x_wconf 88' lang='lat' dir='ltr'>relatum,</span> <span class='ocrx_word' id='word_1_63' title='bbox 1384 678 1454 718; x_wconf 89' lang='lat' dir='ltr'>sed</span> <span class='ocrx_word' id='word_1_64' title='bbox 1490 678 1540 718; x_wconf 90' lang='lat' dir='ltr'>ad</span> <span class='ocrx_word' id='word_1_65' title='bbox 1573 679 1648 719; x_wconf 90' lang='lat' dir='ltr'>hos</span> <span class='ocrx_word' id='word_1_66' title='bbox 1682 678 1785 719; x_wconf 86' lang='lat' dir='ltr'>duos</span> <span class='ocrx_word' id='word_1_67' title='bbox 1817 691 1914 732; x_wconf 91' lang='lat' dir='ltr'>per-</span> 
     </span>
     <span class='ocr_line' id='line_1_10' title="bbox 280 747 1909 802; baseline -0.002 -11"><span class='ocrx_word' id='word_1_68' title='bbox 280 752 419 792; x_wconf 89' lang='lat' dir='ltr'>tinens</span> <span class='ocrx_word' id='word_1_69' title='bbox 458 750 518 790; x_wconf 89' lang='lat' dir='ltr'>ita</span> <span class='ocrx_word' id='word_1_70' title='bbox 561 749 732 790; x_wconf 88' lang='lat' dir='ltr'>demum</span> <span class='ocrx_word' id='word_1_71' title='bbox 775 761 896 789; x_wconf 90' lang='lat' dir='ltr'>suam</span> <span class='ocrx_word' id='word_1_72' title='bbox 936 749 1022 789; x_wconf 84' lang='lat' dir='ltr'>vim</span> <span class='ocrx_word' id='word_1_73' title='bbox 1069 748 1230 801; x_wconf 76' lang='lat' dir='ltr'>recipit.</span> <span class='ocrx_word' id='word_1_74' title='bbox 1293 747 1435 798; x_wconf 73' lang='lat' dir='ltr'>Quid?</span> <span class='ocrx_word' id='word_1_75' title='bbox 1485 749 1518 789; x_wconf 93' lang='lat' dir='ltr'>si</span> <span class='ocrx_word' id='word_1_76' title='bbox 1562 749 1654 800; x_wconf 88' lang='lat' dir='ltr'>quis</span> <span class='ocrx_word' id='word_1_77' title='bbox 1702 749 1909 802; x_wconf 86' lang='lat' dir='ltr'>pluralem</span> 
     </span>
     <span class='ocr_line' id='line_1_11' title="bbox 281 811 1913 881; baseline -0.002 -19"><span class='ocrx_word' id='word_1_78' title='bbox 281 833 508 862; x_wconf 87' lang='lat' dir='ltr'>numerum</span> <span class='ocrx_word' id='word_1_79' title='bbox 547 811 775 881; x_wconf 43' lang='lat' dir='ltr'>‘sepulcra‘</span> <span class='ocrx_word' id='word_1_80' title='bbox 820 831 972 872; x_wconf 90' lang='lat' dir='ltr'>parum</span> <span class='ocrx_word' id='word_1_81' title='bbox 1005 819 1164 859; x_wconf 89' lang='lat' dir='ltr'>firmari</span> <span class='ocrx_word' id='word_1_82' title='bbox 1204 820 1328 872; x_wconf 90' lang='lat' dir='ltr'>putet</span> <span class='ocrx_word' id='word_1_83' title='bbox 1361 818 1507 859; x_wconf 87' lang='lat' dir='ltr'>eodem</span> <span class='ocrx_word' id='word_1_84' title='bbox 1540 819 1589 860; x_wconf 92' lang='lat' dir='ltr'>de</span> <span class='ocrx_word' id='word_1_85' title='bbox 1622 831 1704 860; x_wconf 92' lang='lat' dir='ltr'>uno</span> <span class='ocrx_word' id='word_1_86' title='bbox 1735 819 1913 860; x_wconf 91' lang='lat' dir='ltr'>Achillis</span> 
     </span>
     <span class='ocr_line' id='line_1_12' title="bbox 283 889 1913 944; baseline -0.001 -12"><span class='ocrx_word' id='word_1_87' title='bbox 283 891 472 944; x_wconf 87' lang='lat' dir='ltr'>sepulcro</span> <span class='ocrx_word' id='word_1_88' title='bbox 504 903 678 931; x_wconf 91' lang='lat' dir='ltr'>numero</span> <span class='ocrx_word' id='word_1_89' title='bbox 712 891 754 930; x_wconf 91' lang='lat' dir='ltr'>in</span> <span class='ocrx_word' id='word_1_90' title='bbox 787 903 819 931; x_wconf 92' lang='lat' dir='ltr'>c.</span> <span class='ocrx_word' id='word_1_91' title='bbox 851 889 988 930; x_wconf 81' lang='lat' dir='ltr'>LXIV</span> <span class='ocrx_word' id='word_1_92' title='bbox 1025 894 1120 938; x_wconf 76' lang='lat'>368,</span> <span class='ocrx_word' id='word_1_93' title='bbox 1152 902 1289 930; x_wconf 90' lang='lat' dir='ltr'>nonne</span> <span class='ocrx_word' id='word_1_94' title='bbox 1322 892 1415 930; x_wconf 89' lang='lat' dir='ltr'>tum</span> <span class='ocrx_word' id='word_1_95' title='bbox 1448 890 1601 930; x_wconf 79' lang='lat' dir='ltr'>attinet</span> <span class='ocrx_word' id='word_1_96' title='bbox 1631 902 1800 930; x_wconf 90' lang='lat' dir='ltr'>monere</span> <span class='ocrx_word' id='word_1_97' title='bbox 1834 889 1913 931; x_wconf 88' lang='lat' dir='ltr'>Ca-</span> 
     </span>
     <span class='ocr_line' id='line_1_13' title="bbox 281 960 1913 1014; baseline -0.001 -12"><span class='ocrx_word' id='word_1_98' title='bbox 281 962 437 1003; x_wconf 88' lang='lat' dir='ltr'>tullum</span> <span class='ocrx_word' id='word_1_99' title='bbox 471 973 636 1013; x_wconf 87' lang='lat' dir='ltr'>quoque</span> <span class='ocrx_word' id='word_1_100' title='bbox 671 962 913 1014; x_wconf 90' lang='lat' dir='ltr'>sepulcrum</span> <span class='ocrx_word' id='word_1_101' title='bbox 947 961 1116 1013; x_wconf 87' lang='lat' dir='ltr'>aliquod</span> <span class='ocrx_word' id='word_1_102' title='bbox 1149 961 1273 1001; x_wconf 89' lang='lat' dir='ltr'>unius</span> <span class='ocrx_word' id='word_1_103' title='bbox 1298 973 1318 1001; x_wconf 91' lang='lat' dir='ltr'>e</span> <span class='ocrx_word' id='word_1_104' title='bbox 1343 961 1442 1009; x_wconf 90' lang='lat' dir='ltr'>suis,</span> <span class='ocrx_word' id='word_1_105' title='bbox 1474 960 1617 1001; x_wconf 86' lang='lat' dir='ltr'>fratris</span> <span class='ocrx_word' id='word_1_106' title='bbox 1651 961 1913 1001; x_wconf 83' lang='lat' dir='ltr'>dilectissimi</span> 
     </span>
     <span class='ocr_line' id='line_1_14' title="bbox 282 1030 1915 1087; baseline -0.001 -14"><span class='ocrx_word' id='word_1_107' title='bbox 282 1034 552 1087; x_wconf 86' lang='lat' dir='ltr'>praemature</span> <span class='ocrx_word' id='word_1_108' title='bbox 585 1032 755 1081; x_wconf 86' lang='lat' dir='ltr'>mortui,</span> <span class='ocrx_word' id='word_1_109' title='bbox 788 1031 928 1084; x_wconf 89' lang='lat' dir='ltr'>ipsum</span> <span class='ocrx_word' id='word_1_110' title='bbox 951 1032 1157 1072; x_wconf 75' lang='lat' dir='ltr'>coluisse?</span> <span class='ocrx_word' id='word_1_111' title='bbox 1211 1030 1315 1081; x_wconf 78' lang='lat' dir='ltr'>Quis</span> <span class='ocrx_word' id='word_1_112' title='bbox 1337 1043 1420 1071; x_wconf 92' lang='lat' dir='ltr'>non</span> <span class='ocrx_word' id='word_1_113' title='bbox 1442 1031 1683 1072; x_wconf 89' lang='lat' dir='ltr'>meminerit</span> <span class='ocrx_word' id='word_1_114' title='bbox 1715 1031 1915 1072; x_wconf 88' lang='lat' dir='ltr'>carminis</span> 
     </span>
     <span class='ocr_line' id='line_1_15' title="bbox 284 1100 1917 1155; baseline -0.002 -11"><span class='ocrx_word' id='word_1_115' title='bbox 284 1103 369 1145; x_wconf 72' lang='lat' dir='ltr'>CI?</span> <span class='ocrx_word' id='word_1_116' title='bbox 410 1103 452 1143; x_wconf 91' lang='lat' dir='ltr'>in</span> <span class='ocrx_word' id='word_1_117' title='bbox 486 1115 567 1155; x_wconf 89' lang='lat' dir='ltr'>quo</span> <span class='ocrx_word' id='word_1_118' title='bbox 608 1102 680 1143; x_wconf 86' lang='lat' dir='ltr'>ubi</span> <span class='ocrx_word' id='word_1_119' title='bbox 703 1102 764 1142; x_wconf 80' lang='lat' dir='ltr'>ad</span> <span class='ocrx_word' id='word_1_120' title='bbox 805 1101 948 1142; x_wconf 86' lang='lat' dir='ltr'>fratris</span> <span class='ocrx_word' id='word_1_121' title='bbox 990 1102 1232 1154; x_wconf 88' lang='lat' dir='ltr'>sepulcrum</span> <span class='ocrx_word' id='word_1_122' title='bbox 1265 1101 1435 1142; x_wconf 80' lang='lat' dir='ltr'>advenit</span> <span class='ocrx_word' id='word_1_123' title='bbox 1476 1104 1635 1141; x_wconf 74' lang='lat' dir='ltr'>mutam</span> <span class='ocrx_word' id='word_1_124' title='bbox 1668 1100 1917 1153; x_wconf 77' lang='lat' dir='ltr'>adloquitur</span> 
     </span>
     <span class='ocr_line' id='line_1_16' title="bbox 283 1172 1918 1214; baseline -0.001 0"><span class='ocrx_word' id='word_1_125' title='bbox 283 1174 465 1214; x_wconf 73' lang='lat' dir='ltr'>cinerem</span> <span class='ocrx_word' id='word_1_126' title='bbox 498 1175 539 1214; x_wconf 90' lang='lat' dir='ltr'>et</span> <span class='ocrx_word' id='word_1_127' title='bbox 572 1186 668 1214; x_wconf 89' lang='lat' dir='ltr'>cum</span> <span class='ocrx_word' id='word_1_128' title='bbox 701 1172 885 1213; x_wconf 86' lang='lat' dir='ltr'>fraterno</span> <span class='ocrx_word' id='word_1_129' title='bbox 918 1172 1024 1213; x_wconf 85' lang='lat' dir='ltr'>fletu</span> <span class='ocrx_word' id='word_1_130' title='bbox 1055 1173 1168 1213; x_wconf 87' lang='lat' dir='ltr'>iusta</span> <span class='ocrx_word' id='word_1_131' title='bbox 1191 1173 1326 1213; x_wconf 85' lang='lat' dir='ltr'>solvit.</span> <span class='ocrx_word' id='word_1_132' title='bbox 1388 1172 1499 1213; x_wconf 88' lang='lat' dir='ltr'>Nam</span> <span class='ocrx_word' id='word_1_133' title='bbox 1532 1185 1701 1213; x_wconf 90' lang='lat' dir='ltr'>carmen</span> <span class='ocrx_word' id='word_1_134' title='bbox 1734 1173 1786 1213; x_wconf 90' lang='lat' dir='ltr'>ad</span> <span class='ocrx_word' id='word_1_135' title='bbox 1819 1172 1918 1214; x_wconf 86' lang='lat' dir='ltr'>Cal-</span> 
     </span>
     <span class='ocr_line' id='line_1_17' title="bbox 283 1243 1750 1296; baseline -0.001 -10"><span class='ocrx_word' id='word_1_136' title='bbox 283 1258 384 1286; x_wconf 80' lang='lat' dir='ltr'>vum</span> <span class='ocrx_word' id='word_1_137' title='bbox 417 1244 566 1285; x_wconf 84' lang='lat' dir='ltr'>datum</span> <span class='ocrx_word' id='word_1_138' title='bbox 599 1256 681 1284; x_wconf 92' lang='lat' dir='ltr'>non</span> <span class='ocrx_word' id='word_1_139' title='bbox 714 1244 874 1296; x_wconf 89' lang='lat' dir='ltr'>primae</span> <span class='ocrx_word' id='word_1_140' title='bbox 909 1243 1220 1284; x_wconf 84' lang='lat' dir='ltr'>adulescentiae</span> <span class='ocrx_word' id='word_1_141' title='bbox 1254 1255 1344 1284; x_wconf 90' lang='lat' dir='ltr'>esse</span> <span class='ocrx_word' id='word_1_142' title='bbox 1377 1244 1489 1283; x_wconf 88' lang='lat' dir='ltr'>ultro</span> <span class='ocrx_word' id='word_1_143' title='bbox 1523 1243 1750 1296; x_wconf 86' lang='lat' dir='ltr'>apparebit.</span> 
     </span>
    </p>

    <p class='ocr_par' dir='ltr' id='par_1_4' title="bbox 287 1313 1924 2065">
     <span class='ocr_line' id='line_1_18' title="bbox 403 1313 1918 1367; baseline -0.001 -11"><span class='ocrx_word' id='word_1_144' title='bbox 403 1315 532 1356; x_wconf 89' lang='lat' dir='ltr'>Porro</span> <span class='ocrx_word' id='word_1_145' title='bbox 566 1313 797 1365; x_wconf 84' lang='lat' dir='ltr'>Quintiliae</span> <span class='ocrx_word' id='word_1_146' title='bbox 838 1316 1019 1354; x_wconf 89' lang='lat' dir='ltr'>mortem</span> <span class='ocrx_word' id='word_1_147' title='bbox 1061 1313 1111 1354; x_wconf 90' lang='lat' dir='ltr'>ad</span> <span class='ocrx_word' id='word_1_148' title='bbox 1154 1315 1384 1366; x_wconf 85' lang='lat' dir='ltr'>utrumque</span> <span class='ocrx_word' id='word_1_149' title='bbox 1425 1314 1678 1367; x_wconf 85' lang='lat' dir='ltr'>pertinuisse</span> <span class='ocrx_word' id='word_1_150' title='bbox 1716 1313 1918 1367; x_wconf 76' lang='lat' dir='ltr'>proximis</span> 
     </span>
     <span class='ocr_line' id='line_1_19' title="bbox 287 1383 1919 1440; baseline -0.002 -13"><span class='ocrx_word' id='word_1_151' title='bbox 287 1386 438 1440; x_wconf 86' lang='lat' dir='ltr'>aperit,</span> <span class='ocrx_word' id='word_1_152' title='bbox 481 1386 582 1426; x_wconf 89' lang='lat' dir='ltr'>dum</span> <span class='ocrx_word' id='word_1_153' title='bbox 622 1387 776 1425; x_wconf 78' lang='lat' dir='ltr'>veteres</span> <span class='ocrx_word' id='word_1_154' title='bbox 808 1397 970 1425; x_wconf 79' lang='lat' dir='ltr'>amores</span> <span class='ocrx_word' id='word_1_155' title='bbox 1005 1384 1123 1426; x_wconf 80' lang='lat' dir='ltr'>Calvi</span> <span class='ocrx_word' id='word_1_156' title='bbox 1154 1385 1308 1433; x_wconf 86' lang='lat' dir='ltr'>mariti,</span> <span class='ocrx_word' id='word_1_157' title='bbox 1351 1383 1566 1424; x_wconf 72' lang='lat' dir='ltr'>amicitias</span> <span class='ocrx_word' id='word_1_158' title='bbox 1596 1384 1728 1437; x_wconf 89' lang='lat' dir='ltr'>ipsius</span> <span class='ocrx_word' id='word_1_159' title='bbox 1761 1383 1919 1437; x_wconf 83' lang='lat' dir='ltr'>signifi-</span> 
     </span>
     <span class='ocr_line' id='line_1_20' title="bbox 287 1447 1919 1517; baseline -0.001 -19"><span class='ocrx_word' id='word_1_160' title='bbox 287 1460 366 1507; x_wconf 80' lang='lat' dir='ltr'>cat,</span> <span class='ocrx_word' id='word_1_161' title='bbox 400 1469 506 1510; x_wconf 86' lang='lat' dir='ltr'>quae</span> <span class='ocrx_word' id='word_1_162' title='bbox 539 1456 639 1497; x_wconf 91' lang='lat' dir='ltr'>olim</span> <span class='ocrx_word' id='word_1_163' title='bbox 680 1455 850 1496; x_wconf 87' lang='lat' dir='ltr'>fuerint.</span> <span class='ocrx_word' id='word_1_164' title='bbox 915 1455 997 1496; x_wconf 84' lang='lat' dir='ltr'>Sed</span> <span class='ocrx_word' id='word_1_165' title='bbox 1035 1447 1222 1517; x_wconf 40' lang='lat' dir='ltr'>‘missas&#39;</span> <span class='ocrx_word' id='word_1_166' title='bbox 1259 1455 1359 1495; x_wconf 84' lang='lat' dir='ltr'>ferri</span> <span class='ocrx_word' id='word_1_167' title='bbox 1390 1467 1473 1495; x_wconf 93' lang='lat' dir='ltr'>non</span> <span class='ocrx_word' id='word_1_168' title='bbox 1505 1456 1657 1507; x_wconf 88' lang='lat' dir='ltr'>potest,</span> <span class='ocrx_word' id='word_1_169' title='bbox 1690 1453 1789 1494; x_wconf 79' lang='lat' dir='ltr'>olim</span> <span class='ocrx_word' id='word_1_170' title='bbox 1820 1467 1919 1496; x_wconf 86' lang='lat' dir='ltr'>vero</span> 
     </span>
     <span class='ocr_line' id='line_1_21' title="bbox 287 1517 1918 1588; baseline -0.002 -18"><span class='ocrx_word' id='word_1_171' title='bbox 287 1541 307 1570; x_wconf 89' lang='lat' dir='ltr'>e</span> <span class='ocrx_word' id='word_1_172' title='bbox 340 1530 428 1569; x_wconf 89' lang='lat' dir='ltr'>toto</span> <span class='ocrx_word' id='word_1_173' title='bbox 461 1527 694 1568; x_wconf 90' lang='lat' dir='ltr'>sententiae</span> <span class='ocrx_word' id='word_1_174' title='bbox 727 1539 837 1567; x_wconf 78' lang='lat' dir='ltr'>nexu</span> <span class='ocrx_word' id='word_1_175' title='bbox 870 1539 966 1567; x_wconf 84' lang='lat' dir='ltr'>cum</span> <span class='ocrx_word' id='word_1_176' title='bbox 998 1526 1199 1567; x_wconf 82' lang='lat' dir='ltr'>vocabulo</span> <span class='ocrx_word' id='word_1_177' title='bbox 1226 1517 1473 1588; x_wconf 47' lang='lat' dir='ltr'>(amicitias&#39;</span> <span class='ocrx_word' id='word_1_178' title='bbox 1511 1526 1761 1578; x_wconf 85' lang='lat' dir='ltr'>coniungere</span> <span class='ocrx_word' id='word_1_179' title='bbox 1794 1526 1918 1574; x_wconf 87' lang='lat' dir='ltr'>licet;</span> 
     </span>
     <span class='ocr_line' id='line_1_22' title="bbox 289 1595 1921 1652; baseline -0.002 -12"><span class='ocrx_word' id='word_1_180' title='bbox 289 1599 362 1641; x_wconf 88' lang='lat' dir='ltr'>sed</span> <span class='ocrx_word' id='word_1_181' title='bbox 402 1610 475 1652; x_wconf 87' lang='lat' dir='ltr'>per</span> <span class='ocrx_word' id='word_1_182' title='bbox 518 1610 645 1650; x_wconf 88' lang='lat' dir='ltr'>quam</span> <span class='ocrx_word' id='word_1_183' title='bbox 687 1599 948 1638; x_wconf 87' lang='lat' dir='ltr'>structuram</span> <span class='ocrx_word' id='word_1_184' title='bbox 992 1597 1219 1649; x_wconf 88' lang='lat' dir='ltr'>quaeritur.</span> <span class='ocrx_word' id='word_1_185' title='bbox 1283 1595 1400 1646; x_wconf 79' lang='lat' dir='ltr'>Quod</span> <span class='ocrx_word' id='word_1_186' title='bbox 1444 1596 1529 1636; x_wconf 86' lang='lat' dir='ltr'>iam</span> <span class='ocrx_word' id='word_1_187' title='bbox 1561 1596 1775 1637; x_wconf 78' lang='lat' dir='ltr'>Livineius</span> <span class='ocrx_word' id='word_1_188' title='bbox 1807 1596 1921 1646; x_wconf 84' lang='lat' dir='ltr'>fecit,</span> 
     </span>
     <span class='ocr_line' id='line_1_23' title="bbox 290 1659 1921 1730; baseline -0.002 -20"><span class='ocrx_word' id='word_1_189' title='bbox 290 1670 361 1711; x_wconf 91' lang='lat' dir='ltr'>sed</span> <span class='ocrx_word' id='word_1_190' title='bbox 394 1670 453 1710; x_wconf 88' lang='lat' dir='ltr'>ita</span> <span class='ocrx_word' id='word_1_191' title='bbox 485 1670 534 1709; x_wconf 85' lang='lat' dir='ltr'>ut</span> <span class='ocrx_word' id='word_1_192' title='bbox 556 1669 774 1709; x_wconf 76' lang='lat' dir='ltr'>divelleret</span> <span class='ocrx_word' id='word_1_193' title='bbox 810 1660 949 1730; x_wconf 47' lang='lat' dir='ltr'>k‚olim&#39;</span> <span class='ocrx_word' id='word_1_194' title='bbox 987 1680 1010 1708; x_wconf 89' lang='lat' dir='ltr'>a</span> <span class='ocrx_word' id='word_1_195' title='bbox 1043 1659 1248 1723; x_wconf 43' lang='lat' dir='ltr'>‘missasss</span> <span class='ocrx_word' id='word_1_196' title='bbox 1283 1679 1542 1719; x_wconf 90' lang='lat' dir='ltr'>quamquam</span> <span class='ocrx_word' id='word_1_197' title='bbox 1564 1666 1781 1707; x_wconf 86' lang='lat' dir='ltr'>Baehrens</span> <span class='ocrx_word' id='word_1_198' title='bbox 1803 1667 1921 1708; x_wconf 85' lang='lat' dir='ltr'>recte</span> 
     </span>
     <span class='ocr_line' id='line_1_24' title="bbox 288 1734 1922 1797; baseline -0.002 -16"><span class='ocrx_word' id='word_1_199' title='bbox 288 1742 432 1782; x_wconf 89' lang='lat' dir='ltr'>monet</span> <span class='ocrx_word' id='word_1_200' title='bbox 463 1753 575 1780; x_wconf 92' lang='lat' dir='ltr'>nunc</span> <span class='ocrx_word' id='word_1_201' title='bbox 608 1739 713 1780; x_wconf 89' lang='lat' dir='ltr'>illud</span> <span class='ocrx_word' id='word_1_202' title='bbox 748 1751 831 1779; x_wconf 90' lang='lat' dir='ltr'>non</span> <span class='ocrx_word' id='word_1_203' title='bbox 864 1739 968 1779; x_wconf 83' lang='lat' dir='ltr'>bene</span> <span class='ocrx_word' id='word_1_204' title='bbox 1003 1751 1098 1779; x_wconf 88' lang='lat' dir='ltr'>cum</span> <span class='ocrx_word' id='word_1_205' title='bbox 1130 1738 1209 1778; x_wconf 89' lang='lat' dir='ltr'>hoc</span> <span class='ocrx_word' id='word_1_206' title='bbox 1232 1738 1351 1778; x_wconf 89' lang='lat' dir='ltr'>coire.</span> <span class='ocrx_word' id='word_1_207' title='bbox 1416 1736 1497 1778; x_wconf 82' lang='lat' dir='ltr'>Sed</span> <span class='ocrx_word' id='word_1_208' title='bbox 1523 1734 1715 1797; x_wconf 48' lang='lat' dir='ltr'>‘missas’</span> <span class='ocrx_word' id='word_1_209' title='bbox 1752 1749 1922 1791; x_wconf 90' lang='lat' dir='ltr'>corrup-</span> 
     </span>
     <span class='ocr_line' id='line_1_25' title="bbox 289 1799 1920 1871; baseline -0.003 -19"><span class='ocrx_word' id='word_1_210' title='bbox 289 1814 382 1852; x_wconf 89' lang='lat' dir='ltr'>tum</span> <span class='ocrx_word' id='word_1_211' title='bbox 415 1823 505 1852; x_wconf 87' lang='lat' dir='ltr'>esse</span> <span class='ocrx_word' id='word_1_212' title='bbox 540 1811 726 1859; x_wconf 88' lang='lat' dir='ltr'>constat,</span> <span class='ocrx_word' id='word_1_213' title='bbox 767 1822 814 1850; x_wconf 90' lang='lat' dir='ltr'>ac</span> <span class='ocrx_word' id='word_1_214' title='bbox 847 1810 933 1850; x_wconf 86' lang='lat' dir='ltr'>sive</span> <span class='ocrx_word' id='word_1_215' title='bbox 971 1801 1176 1871; x_wconf 40' lang='lat' dir='ltr'>‘iunctas&#39;</span> <span class='ocrx_word' id='word_1_216' title='bbox 1215 1809 1300 1849; x_wconf 87' lang='lat' dir='ltr'>sive</span> <span class='ocrx_word' id='word_1_217' title='bbox 1337 1799 1508 1870; x_wconf 49' lang='lat' dir='ltr'>‘nexas’</span> <span class='ocrx_word' id='word_1_218' title='bbox 1545 1808 1611 1848; x_wconf 86' lang='lat' dir='ltr'>vel</span> <span class='ocrx_word' id='word_1_219' title='bbox 1642 1808 1727 1848; x_wconf 87' lang='lat' dir='ltr'>tale</span> <span class='ocrx_word' id='word_1_220' title='bbox 1761 1807 1920 1860; x_wconf 88' lang='lat' dir='ltr'>aliquid</span> 
     </span>
     <span class='ocr_line' id='line_1_26' title="bbox 289 1870 1920 1940; baseline -0.002 -17"><span class='ocrx_word' id='word_1_221' title='bbox 289 1882 518 1936; x_wconf 84' lang='lat' dir='ltr'>reponitur,</span> <span class='ocrx_word' id='word_1_222' title='bbox 552 1881 672 1922; x_wconf 87' lang='lat' dir='ltr'>deest</span> <span class='ocrx_word' id='word_1_223' title='bbox 706 1880 907 1933; x_wconf 88' lang='lat' dir='ltr'>quiddam</span> <span class='ocrx_word' id='word_1_224' title='bbox 941 1880 1136 1929; x_wconf 87' lang='lat' dir='ltr'>affectus,</span> <span class='ocrx_word' id='word_1_225' title='bbox 1171 1880 1281 1932; x_wconf 90' lang='lat' dir='ltr'>quod</span> <span class='ocrx_word' id='word_1_226' title='bbox 1319 1870 1564 1940; x_wconf 47' lang='lat' dir='ltr'>‘amicitias&#39;</span> <span class='ocrx_word' id='word_1_227' title='bbox 1600 1878 1710 1919; x_wconf 91' lang='lat' dir='ltr'>inter</span> <span class='ocrx_word' id='word_1_228' title='bbox 1743 1877 1920 1920; x_wconf 91' lang='lat' dir='ltr'>Calvum</span> 
     </span>
     <span class='ocr_line' id='line_1_27' title="bbox 290 1948 1924 2004; baseline -0.002 -11"><span class='ocrx_word' id='word_1_229' title='bbox 290 1964 546 2004; x_wconf 79' lang='lat' dir='ltr'>uxoremque</span> <span class='ocrx_word' id='word_1_230' title='bbox 589 1952 679 1992; x_wconf 89' lang='lat' dir='ltr'>eius</span> <span class='ocrx_word' id='word_1_231' title='bbox 723 1953 765 1992; x_wconf 89' lang='lat' dir='ltr'>et</span> <span class='ocrx_word' id='word_1_232' title='bbox 798 1951 1016 1992; x_wconf 88' lang='lat' dir='ltr'>Catullum</span> <span class='ocrx_word' id='word_1_233' title='bbox 1054 1950 1362 1992; x_wconf 86' lang='lat' dir='ltr'>intercedentes</span> <span class='ocrx_word' id='word_1_234' title='bbox 1403 1951 1533 1990; x_wconf 91' lang='lat' dir='ltr'>notet.</span> <span class='ocrx_word' id='word_1_235' title='bbox 1595 1948 1699 1990; x_wconf 91' lang='lat' dir='ltr'>Inde</span> <span class='ocrx_word' id='word_1_236' title='bbox 1741 1949 1924 2002; x_wconf 89' lang='lat' dir='ltr'>suspicio</span> 
     </span>
     <span class='ocr_line' id='line_1_28' title="bbox 291 2022 1077 2065; baseline -0.003 -1"><span class='ocrx_word' id='word_1_237' title='bbox 291 2024 394 2065; x_wconf 91' lang='lat' dir='ltr'>mihi</span> <span class='ocrx_word' id='word_1_238' title='bbox 426 2025 528 2063; x_wconf 88' lang='lat' dir='ltr'>nata</span> <span class='ocrx_word' id='word_1_239' title='bbox 561 2024 625 2063; x_wconf 90' lang='lat' dir='ltr'>est</span> <span class='ocrx_word' id='word_1_240' title='bbox 659 2022 927 2063; x_wconf 85' lang='lat' dir='ltr'>scribendum</span> <span class='ocrx_word' id='word_1_241' title='bbox 961 2034 1077 2062; x_wconf 89' lang='lat' dir='ltr'>esse:</span> 
     </span>
    </p>

    <p class='ocr_par' dir='ltr' id='par_1_5' title="bbox 294 2090 1928 2569">
     <span class='ocr_line' id='line_1_29' title="bbox 606 2090 1598 2145; baseline -0.003 -12"><span class='ocrx_word' id='word_1_242' title='bbox 606 2096 731 2145; x_wconf 77' lang='lat' dir='ltr'>atque</span> <span class='ocrx_word' id='word_1_243' title='bbox 763 2092 862 2133; x_wconf 62' lang='lat' dir='ltr'>olim</span> <span class='ocrx_word' id='word_1_244' title='bbox 894 2093 1039 2133; x_wconf 74' lang='lat' dir='ltr'>inter</span> <span class='ocrx_word' id='word_1_245' title='bbox 1070 2104 1162 2132; x_wconf 64' lang='lat'>2208</span> <span class='ocrx_word' id='word_1_246' title='bbox 1190 2090 1340 2142; x_wconf 76' lang='lat' dir='ltr'>flemus</span> <span class='ocrx_word' id='word_1_247' title='bbox 1373 2090 1598 2139; x_wconf 74' lang='lat' dir='ltr'>amicitias,</span> 
     </span>
     <span class='ocr_line' id='line_1_30' title="bbox 295 2161 1926 2218; baseline -0.003 -12"><span class='ocrx_word' id='word_1_248' title='bbox 295 2166 392 2218; x_wconf 89' lang='lat' dir='ltr'>quia</span> <span class='ocrx_word' id='word_1_249' title='bbox 425 2164 634 2205; x_wconf 88' lang='lat' dir='ltr'>amicitiae</span> <span class='ocrx_word' id='word_1_250' title='bbox 668 2164 767 2205; x_wconf 90' lang='lat' dir='ltr'>olim</span> <span class='ocrx_word' id='word_1_251' title='bbox 798 2164 909 2204; x_wconf 91' lang='lat' dir='ltr'>inter</span> <span class='ocrx_word' id='word_1_252' title='bbox 943 2163 1061 2205; x_wconf 76' lang='lat' dir='ltr'>Calvi</span> <span class='ocrx_word' id='word_1_253' title='bbox 1094 2163 1313 2215; x_wconf 83' lang='lat' dir='ltr'>coniugem</span> <span class='ocrx_word' id='word_1_254' title='bbox 1346 2164 1390 2203; x_wconf 93' lang='lat' dir='ltr'>et</span> <span class='ocrx_word' id='word_1_255' title='bbox 1422 2162 1638 2203; x_wconf 88' lang='lat' dir='ltr'>Catullum</span> <span class='ocrx_word' id='word_1_256' title='bbox 1670 2161 1840 2202; x_wconf 89' lang='lat' dir='ltr'>iunctae</span> <span class='ocrx_word' id='word_1_257' title='bbox 1862 2161 1926 2202; x_wconf 86' lang='lat' dir='ltr'>ita</span> 
     </span>
     <span class='ocr_line' id='line_1_31' title="bbox 298 2224 1924 2295; baseline -0.002 -19"><span class='ocrx_word' id='word_1_258' title='bbox 298 2238 392 2289; x_wconf 89' lang='lat' dir='ltr'>apte</span> <span class='ocrx_word' id='word_1_259' title='bbox 425 2234 680 2288; x_wconf 87' lang='lat' dir='ltr'>respondent</span> <span class='ocrx_word' id='word_1_260' title='bbox 712 2235 790 2275; x_wconf 78' lang='lat' dir='ltr'>viri</span> <span class='ocrx_word' id='word_1_261' title='bbox 813 2236 855 2275; x_wconf 87' lang='lat' dir='ltr'>et</span> <span class='ocrx_word' id='word_1_262' title='bbox 877 2234 1016 2275; x_wconf 76' lang='lat' dir='ltr'>uxoris</span> <span class='ocrx_word' id='word_1_263' title='bbox 1054 2234 1285 2295; x_wconf 75' lang='lat' dir='ltr'>tveteribus</span> <span class='ocrx_word' id='word_1_264' title='bbox 1309 2224 1556 2274; x_wconf 71' lang='lat' dir='ltr'>amoribus&#39;.</span> <span class='ocrx_word' id='word_1_265' title='bbox 1619 2232 1756 2273; x_wconf 86' lang='lat' dir='ltr'>Facile</span> <span class='ocrx_word' id='word_1_266' title='bbox 1780 2233 1924 2273; x_wconf 90' lang='lat' dir='ltr'>autem</span> 
     </span>
     <span class='ocr_line' id='line_1_32' title="bbox 300 2296 1928 2368; baseline -0.002 -22"><span class='ocrx_word' id='word_1_267' title='bbox 300 2297 497 2368; x_wconf 69' lang='lat' dir='ltr'>cirernos&#39;</span> <span class='ocrx_word' id='word_1_268' title='bbox 533 2306 576 2346; x_wconf 91' lang='lat' dir='ltr'>in</span> <span class='ocrx_word' id='word_1_269' title='bbox 614 2296 786 2367; x_wconf 79' lang='lat' dir='ltr'>tmissas&#39;</span> <span class='ocrx_word' id='word_1_270' title='bbox 822 2305 980 2346; x_wconf 87' lang='lat' dir='ltr'>mutari</span> <span class='ocrx_word' id='word_1_271' title='bbox 1012 2305 1161 2358; x_wconf 88' lang='lat' dir='ltr'>potuit.</span> <span class='ocrx_word' id='word_1_272' title='bbox 1222 2304 1284 2345; x_wconf 92' lang='lat' dir='ltr'>De</span> <span class='ocrx_word' id='word_1_273' title='bbox 1317 2304 1396 2345; x_wconf 88' lang='lat' dir='ltr'>hac</span> <span class='ocrx_word' id='word_1_274' title='bbox 1426 2303 1745 2357; x_wconf 88' lang='lat' dir='ltr'>praepositionis</span> <span class='ocrx_word' id='word_1_275' title='bbox 1779 2304 1821 2343; x_wconf 91' lang='lat' dir='ltr'>et</span> <span class='ocrx_word' id='word_1_276' title='bbox 1853 2301 1928 2343; x_wconf 89' lang='lat' dir='ltr'>ad-</span> 
     </span>
     <span class='ocr_line' id='line_1_33' title="bbox 295 2372 1927 2428; baseline -0.002 -11"><span class='ocrx_word' id='word_1_277' title='bbox 295 2377 426 2418; x_wconf 72' lang='lat' dir='ltr'>verbii</span> <span class='ocrx_word' id='word_1_278' title='bbox 460 2376 745 2425; x_wconf 87' lang='lat' dir='ltr'>collocatione,</span> <span class='ocrx_word' id='word_1_279' title='bbox 779 2388 886 2428; x_wconf 89' lang='lat' dir='ltr'>quae</span> <span class='ocrx_word' id='word_1_280' title='bbox 919 2376 1131 2416; x_wconf 88' lang='lat' dir='ltr'>notionem</span> <span class='ocrx_word' id='word_1_281' title='bbox 1165 2375 1292 2416; x_wconf 88' lang='lat' dir='ltr'>efficit</span> <span class='ocrx_word' id='word_1_282' title='bbox 1325 2374 1630 2422; x_wconf 85' lang='lat' dir='ltr'>attributivam,</span> <span class='ocrx_word' id='word_1_283' title='bbox 1670 2372 1718 2414; x_wconf 89' lang='lat' dir='ltr'>cf.</span> <span class='ocrx_word' id='word_1_284' title='bbox 1750 2373 1927 2414; x_wconf 80' lang='lat' dir='ltr'>Kiihner</span> 
     </span>
     <span class='ocr_line' id='line_1_34' title="bbox 294 2443 1927 2500; baseline -0.002 -13"><span class='ocrx_word' id='word_1_285' title='bbox 294 2448 321 2487; x_wconf 85' lang='lat'>1.</span> <span class='ocrx_word' id='word_1_286' title='bbox 355 2460 386 2488; x_wconf 93' lang='lat' dir='ltr'>c.</span> <span class='ocrx_word' id='word_1_287' title='bbox 418 2447 461 2488; x_wconf 90' lang='grc' dir='ltr'>Π</span> <span class='ocrx_word' id='word_1_288' title='bbox 501 2460 539 2500; x_wconf 90' lang='lat' dir='ltr'>p.</span> <span class='ocrx_word' id='word_1_289' title='bbox 575 2451 656 2488; x_wconf 84' lang='lat'>165</span> <span class='ocrx_word' id='word_1_290' title='bbox 671 2459 731 2499; x_wconf 90' lang='lat' dir='ltr'>sq.</span> <span class='ocrx_word' id='word_1_291' title='bbox 795 2446 877 2487; x_wconf 83' lang='lat' dir='ltr'>Sed</span> <span class='ocrx_word' id='word_1_292' title='bbox 918 2447 961 2486; x_wconf 89' lang='lat' dir='ltr'>in</span> <span class='ocrx_word' id='word_1_293' title='bbox 1003 2446 1153 2486; x_wconf 91' lang='lat' dir='ltr'>ultimo</span> <span class='ocrx_word' id='word_1_294' title='bbox 1187 2446 1388 2495; x_wconf 89' lang='lat' dir='ltr'>disticho,</span> <span class='ocrx_word' id='word_1_295' title='bbox 1426 2447 1476 2486; x_wconf 91' lang='lat' dir='ltr'>ut</span> <span class='ocrx_word' id='word_1_296' title='bbox 1508 2444 1707 2493; x_wconf 87' lang='lat' dir='ltr'>decebat,</span> <span class='ocrx_word' id='word_1_297' title='bbox 1748 2443 1927 2485; x_wconf 88' lang='lat' dir='ltr'>Calvum</span> 
     </span>
     <span class='ocr_line' id='line_1_35' title="bbox 297 2516 1674 2569; baseline -0.002 -11"><span class='ocrx_word' id='word_1_298' title='bbox 297 2531 430 2558; x_wconf 86' lang='lat' dir='ltr'>unum</span> <span class='ocrx_word' id='word_1_299' title='bbox 461 2518 679 2558; x_wconf 87' lang='lat' dir='ltr'>nominare</span> <span class='ocrx_word' id='word_1_300' title='bbox 712 2517 846 2558; x_wconf 78' lang='lat' dir='ltr'>voluit</span> <span class='ocrx_word' id='word_1_301' title='bbox 878 2529 1134 2569; x_wconf 83' lang='lat' dir='ltr'>uxoremque</span> <span class='ocrx_word' id='word_1_302' title='bbox 1168 2516 1269 2565; x_wconf 90' lang='lat' dir='ltr'>eius,</span> <span class='ocrx_word' id='word_1_303' title='bbox 1302 2529 1384 2557; x_wconf 90' lang='lat' dir='ltr'>non</span> <span class='ocrx_word' id='word_1_304' title='bbox 1418 2528 1461 2557; x_wconf 90' lang='lat' dir='ltr'>se</span> <span class='ocrx_word' id='word_1_305' title='bbox 1496 2527 1674 2568; x_wconf 90' lang='lat' dir='ltr'>quoque.</span> 
     </span>
    </p>

    <p class='ocr_par' dir='ltr' id='par_1_6' title="bbox 298 2575 1929 2860">
     <span class='ocr_line' id='line_1_36' title="bbox 415 2575 1927 2650; baseline -0.003 -21"><span class='ocrx_word' id='word_1_306' title='bbox 415 2588 507 2628; x_wconf 90' lang='lat' dir='ltr'>Iam</span> <span class='ocrx_word' id='word_1_307' title='bbox 539 2600 657 2637; x_wconf 81' lang='lat' dir='ltr'>vero,</span> <span class='ocrx_word' id='word_1_308' title='bbox 692 2588 857 2629; x_wconf 89' lang='lat' dir='ltr'>etiamsi</span> <span class='ocrx_word' id='word_1_309' title='bbox 894 2588 986 2650; x_wconf 74' lang='lat' dir='ltr'>cqui</span> <span class='ocrx_word' id='word_1_310' title='bbox 1019 2621 1053 2628; x_wconf 90' lang='lat'>..</span> <span class='ocrx_word' id='word_1_311' title='bbox 1087 2599 1338 2627; x_wconf 81' lang='lat' dir='ltr'>renovamus</span> <span class='ocrx_word' id='word_1_312' title='bbox 1372 2619 1406 2627; x_wconf 88' lang='lat'>..</span> <span class='ocrx_word' id='word_1_313' title='bbox 1440 2588 1567 2638; x_wconf 90' lang='lat' dir='ltr'>atque</span> <span class='ocrx_word' id='word_1_314' title='bbox 1601 2617 1635 2626; x_wconf 86' lang='lat'>..</span> <span class='ocrx_word' id='word_1_315' title='bbox 1667 2575 1838 2626; x_wconf 83' lang='lat' dir='ltr'>flemus&#39;</span> <span class='ocrx_word' id='word_1_316' title='bbox 1874 2583 1927 2624; x_wconf 89' lang='lat' dir='ltr'>ad</span> 
     </span>
     <span class='ocr_line' id='line_1_37' title="bbox 299 2649 1929 2719; baseline -0.002 -21"><span class='ocrx_word' id='word_1_317' title='bbox 299 2660 432 2699; x_wconf 90' lang='lat' dir='ltr'>certos</span> <span class='ocrx_word' id='word_1_318' title='bbox 473 2658 663 2699; x_wconf 89' lang='lat' dir='ltr'>homines</span> <span class='ocrx_word' id='word_1_319' title='bbox 705 2658 936 2707; x_wconf 86' lang='lat' dir='ltr'>referatur,</span> <span class='ocrx_word' id='word_1_320' title='bbox 982 2657 1089 2698; x_wconf 90' lang='lat' dir='ltr'>illud</span> <span class='ocrx_word' id='word_1_321' title='bbox 1132 2649 1243 2719; x_wconf 47' lang='lat' dir='ltr'>‘qui&#39;</span> <span class='ocrx_word' id='word_1_322' title='bbox 1287 2658 1418 2698; x_wconf 91' lang='lat' dir='ltr'>nihilo</span> <span class='ocrx_word' id='word_1_323' title='bbox 1451 2657 1591 2710; x_wconf 90' lang='lat' dir='ltr'>aptius</span> <span class='ocrx_word' id='word_1_324' title='bbox 1631 2656 1711 2696; x_wconf 89' lang='lat' dir='ltr'>hac</span> <span class='ocrx_word' id='word_1_325' title='bbox 1743 2654 1929 2696; x_wconf 87' lang='lat' dir='ltr'>actiones</span> 
     </span>
     <span class='ocr_line' id='line_1_38' title="bbox 300 2724 1928 2778; baseline -0.002 -10"><span class='ocrx_word' id='word_1_326' title='bbox 300 2728 565 2769; x_wconf 89' lang='lat' dir='ltr'>antecedenti</span> <span class='ocrx_word' id='word_1_327' title='bbox 612 2729 801 2769; x_wconf 87' lang='lat' dir='ltr'>membro</span> <span class='ocrx_word' id='word_1_328' title='bbox 843 2728 1049 2769; x_wconf 90' lang='lat' dir='ltr'>adnectat.</span> <span class='ocrx_word' id='word_1_329' title='bbox 1113 2727 1224 2768; x_wconf 88' lang='lat' dir='ltr'>Nam</span> <span class='ocrx_word' id='word_1_330' title='bbox 1263 2728 1538 2769; x_wconf 88' lang='lat' dir='ltr'>manifestum</span> <span class='ocrx_word' id='word_1_331' title='bbox 1580 2727 1645 2767; x_wconf 91' lang='lat' dir='ltr'>est</span> <span class='ocrx_word' id='word_1_332' title='bbox 1683 2724 1928 2778; x_wconf 88' lang='lat' dir='ltr'>pronomine</span> 
     </span>
     <span class='ocr_line' id='line_1_39' title="bbox 298 2791 1928 2860; baseline -0.002 -21"><span class='ocrx_word' id='word_1_333' title='bbox 298 2798 476 2840; x_wconf 80' lang='lat' dir='ltr'>relativo</span> <span class='ocrx_word' id='word_1_334' title='bbox 510 2800 681 2839; x_wconf 90' lang='lat' dir='ltr'>tantum</span> <span class='ocrx_word' id='word_1_335' title='bbox 713 2799 901 2852; x_wconf 89' lang='lat' dir='ltr'>personis</span> <span class='ocrx_word' id='word_1_336' title='bbox 934 2798 1136 2840; x_wconf 83' lang='lat' dir='ltr'>vocabulo</span> <span class='ocrx_word' id='word_1_337' title='bbox 1162 2791 1342 2860; x_wconf 48' lang='lat' dir='ltr'>‘nostro&#39;</span> <span class='ocrx_word' id='word_1_338' title='bbox 1370 2796 1616 2850; x_wconf 86' lang='lat' dir='ltr'>significatis</span> <span class='ocrx_word' id='word_1_339' title='bbox 1649 2807 1718 2837; x_wconf 90' lang='lat' dir='ltr'>eas</span> <span class='ocrx_word' id='word_1_340' title='bbox 1742 2795 1928 2836; x_wconf 90' lang='lat' dir='ltr'>actiones</span> 
     </span>
    </p>
   </div>
  </div>
 </body>
</html>
