2013 3223
878 141 900 176 9

86 269 210 309 titam
256 265 390 320 (Neue
431 264 581 306 Jahrb.
624 268 748 305 1880.
798 269 876 304 121
926 276 965 316 p.
996 263 1117 316 490),
1175 262 1285 314 quod
1334 261 1443 314 apud
1482 261 1699 303 Catullum

87 350 135 379 03
169 348 364 377 13038313
399 335 588 375 inaudita
626 334 700 381 sit3
747 345 846 373 nam
878 332 1143 384 patrimonia
1173 332 1217 372 in
1249 344 1280 372 0.
1311 331 1452 372 XXIX
1493 337 1546 372 22
1593 331 1700 372 iam-

85 408 233 448 borum
264 405 423 446 ratione
456 404 655 445 excusari.
717 404 795 443 Est
826 415 922 443 vero
956 415 1004 443 03
1043 415 1127 443 303
1157 402 1260 454 legis
1295 402 1468 442 alicuius
1499 402 1700 442 metricae

84 476 279 524 inventio,
311 475 383 515 sed
417 487 465 515 ex
494 475 578 514 illis
611 474 799 526 argutiis,
842 474 992 525 quibus
1026 485 1170 513 earum
1210 472 1448 512 inventores
1482 472 1532 512 ad
1566 472 1706 513 diver-

88 547 296 587 sissimam
329 544 575 585 deferuntur
614 544 807 592 rationis,
841 556 968 595 quam
1001 555 1090 584 esse
1132 542 1323 591 credunt,
1356 543 1546 595 speciem,
1589 542 1700 594 quod

85 616 272 657 videmus
313 615 512 655 accidisse
549 615 593 654 13
637 625 832 655 caesurae
871 613 966 654 sede
1000 613 1235 665 quaerenda
1273 625 1417 653 versus
1449 612 1645 665 Sapphici
1676 624 1702 652 3

86 686 250 729 Catullo
298 685 473 725 adhibiti
522 685 571 725 cf.
610 684 655 724 L.
694 684 861 724 Miilleri
906 683 1034 736 praef.
1075 696 1113 736 p.
1152 683 1334 723 LXXH]
1375 684 1417 723 et
1455 683 1705 723 Baehrensii

84 757 239 810 proleg.
270 769 308 809 p.
342 761 408 797 56.
468 755 708 796 Iucundum
740 756 804 795 est
846 767 941 795 cum
979 754 1043 794 his
1090 754 1264 806 argutiis
1299 753 1482 794 conferre
1517 752 1564 794 G.
1595 753 1705 794 Her-

86 827 229 868 manni
261 827 488 867 sanitatem
520 825 568 866 cf.
603 826 650 865 el.
683 825 721 865 (1.
751 837 806 865 m.
838 838 876 877 p.
900 829 995 872 680,
1029 824 1100 875 qui
1133 823 1300 875 quidem
1333 823 1499 865 Catullo
1533 836 1626 865 eam
1658 824 1702 864 in

86 910 230 938 versus
265 896 459 949 Sapphici
489 896 674 936 numeris
707 895 926 935 reddendis
959 895 1199 934 libertatem
1231 895 1414 946 reliquit,
1447 907 1572 946 quam
1606 907 1704 935 011111

85 968 120 1008 18
142 967 301 1020 primus
327 966 576 1019 Sapphicam
600 966 818 1018 stropham
839 965 950 1004 inter
971 964 1184 1004 Romanos
1216 964 1419 1004 imitando
1453 964 1704 1017 exprimeret

86 1038 164 1078 sibi
205 1037 433 1089 sumpsisse
476 1035 690 1088 putandus
723 1037 797 1076 est.
841 1034 923 1075 Sed
956 1034 1084 1083 enim,
1126 1037 1174 1074 ut
1206 1035 1258 1074 ad
1284 1034 1428 1085 patris
1458 1047 1706 1075 mensuram

84 1107 264 1155 redeam,
294 1107 379 1147 iam
410 1105 517 1146 Rud.
551 1105 701 1158 Sydow
732 1106 775 1145 in
808 1105 969 1145 dissert.
996 1105 1135 1157 inaug.
1169 1104 1218 1145 de
1250 1105 1512 1145 recensendis
1546 1104 1703 1146 Catulli

85 1177 337 1218 carminibus
383 1176 567 1216 Berolini
617 1181 725 1217 1881
770 1175 831 1216 ed.
877 1188 915 1228 p.
960 1176 1054 1217 35*
1109 1174 1230 1216 affert
1270 1188 1290 1216 e
1324 1175 1517 1216 Lucretio
1561 1178 1707 1228 patres

82 1247 144 1288 IV
180 1253 311 1296 1222,
355 1259 402 1287 ex
442 1247 529 1299 ipso
563 1246 728 1288 Catullo
768 1255 965 1296 capressu
1000 1251 1065 1295 64,
1099 1251 1194 1287 291.
1227 1244 1378 1297 clz‘cplex
1421 1251 1486 1296 68,
1521 1251 1586 1287 51.
1623 1245 1706 1296 fla-

81 1318 256 1370 yrant‘ia
297 1322 370 1366 64,
405 1323 470 1359 91.
516 1316 725 1369 Ῐῖᾶ91·αῖ1αέ
767 1323 840 1365 67,
882 1321 947 1358 25.
994 1315 1185 1369 sle-zymus
1227 1322 1302 1365 68,
1337 1322 1402 1358 73.
1454 1316 1705 1369 sle-zyrantem

91 1394 161 1438 68,
197 1393 290 1430 139.
342 1390 490 1428 11ιῖίναο
525 1393 598 1437 64,
640 1391 704 1428 68.
756 1386 904 1428 scabra
937 1392 1008 1436 68,
1045 1393 1138 1428 151.
1189 1396 1378 1438 sz‘effl·emo
1413 1393 1484 1436 64,
1520 1393 1614 1429 151.
1646 1411 1699 1416 —

84 1459 200 1500 Adde
235 1457 448 1507 Ovidium,
497 1458 568 1510 qui
611 1458 690 1498 etsi
729 1458 862 1497 multo
905 1458 1070 1510 saepius
1112 1470 1204 1498 eam
1246 1458 1451 1511 syllabam
1492 1458 1708 1511 corripuit,

85 1531 226 1570 tamen
270 1528 464 1582 produxit
515 1540 680 1580 quoque
718 1530 844 1579 patre
883 1530 982 1568 met.
1023 1528 1129 1568 VIH
1172 1534 1246 1577 72,
1289 1531 1433 1579 patres
1474 1528 1558 1569 VH
1605 1535 1706 1578 431,

78 1599 228 1652 patria
265 1599 332 1639 111
364 1604 471 1646 583;
512 1599 561 1639 de
596 1611 678 1651 qua
709 1610 908 1639 mensura
940 1598 1105 1639 Catullo
1144 1599 1406 1639 concedenda
1444 1612 1538 1640 cum
1570 1599 1706 1640 Lach-

85 1682 238 1711 manno
276 1682 353 1710 nec
393 1670 449 1709 M.
480 1669 626 1722 Haupt
664 1681 740 1709 nec
781 1669 829 1709 B.
872 1668 1084 1718 Schmidt,
1136 1670 1236 1710 artis
1278 1670 1476 1711 metricae
1522 1671 1709 1723 locuple-

86 1741 238 1781 tissimi
270 1741 473 1788 auctores,
506 1739 818 1780 dubitaverunt.

203 1810 290 1851 Nec
320 1822 491 1863 possum
522 1810 600 1851 hoc
631 1810 718 1850 loco
740 1810 940 1850 Friderici
965 1809 1136 1851 Schollii
1168 1811 1368 1852 iudicium
1401 1812 1587 1859 reticere,
1622 1824 1706 1863 quo

86 1881 197 1922 hunc
228 1893 397 1921 versum
427 1893 510 1920 non
542 1881 681 1921 minus
717 1872 1022 1942 ‘innocentem'
1060 1893 1187 1932 quam
1220 1884 1284 1922 est
1315 1894 1460 1922 versus
1497 1887 1549 1922 14
1587 1882 1706 1922 dam-

85 1952 202 1992 navit
233 1951 282 1992 cf.
314 1951 339 1991 l.
373 1963 404 1991 0.
436 1963 474 2003 p.
507 1956 592 1991 490
605 1963 664 2002 sq.
725 1950 768 1990 Is
800 1951 862 1991 vir
897 1951 1044 1991 doctus
1077 1954 1125 1992 ut
1158 1954 1222 1992 est
1253 1953 1468 2005 perspicax
1500 1953 1588 1993 iure
1614 1953 1705 2004 qui-

87 2021 182 2062 dem
222 2021 385 2061 monuit
425 2021 551 2061 matri
591 2033 703 2061 nunc
736 2033 759 2061 a
791 2022 1060 2062 cantantibus
1107 2022 1270 2084 (datam
1303 2015 1418 2064 esse'
1459 2036 1541 2064 non
1580 2035 1707 2076 posse

74 2092 255 2133 ⁴tertiam
286 2091 539 2144 virginitatis
571 2094 756 2144 partem,
798 2103 925 2143 quam
967 2092 1044 2132 sibi
1077 2092 1262 2133 debitam
1294 2094 1367 2134 illa
1399 2094 1485 2134 13111
1516 2094 1706 2135 haberet.

87 2162 244 2204 Contra
282 2164 477 2215 parentes
520 2174 641 2202 suam
680 2163 844 2215 partem
880 2175 1047 2222 (genero
1081 2156 1264 2204 dedisse'
1309 2166 1421 2205 recte
1462 2165 1552 2206 dici.
1622 2164 1704 2206 Sed

88 2233 197 2285 quod
228 2245 301 2285 per
324 2245 366 2273 se
391 2232 559 2284 quidem
590 2245 735 2285 reapse
768 2245 915 2273 verum
947 2236 1022 2281 est,
1053 2233 1095 2273 id
1129 2234 1180 2274 ad
1202 2235 1313 2275 hunc
1334 2236 1471 2276 locum
1502 2248 1585 2276 non
1611 2248 1706 2288 per—

85 2304 203 2344 tinet.
264 2303 512 2355 Neglegitur
545 2304 654 2343 enim
693 2303 736 2343 in
774 2303 852 2344 hac
883 2304 1226 2357 interpretatione
1260 2307 1462 2346 sermonis
1496 2307 1704 2358 quaedam

84 2374 335 2427 proprietas,
377 2385 482 2425 quae
515 2374 726 2414 levissima
758 2374 944 2423 videtur,
986 2375 1058 2415 sed
1092 2388 1197 2427 quae
1238 2389 1315 2417 300
1347 2377 1512 2417 0133130
1544 2377 1706 2418 nullius

87 2446 151 2485 est
180 2444 373 2497 ponderis
404 2457 481 2485 nec
513 2444 622 2497 apud
656 2444 885 2494 Catullum,
919 2445 990 2497 qui
1022 2459 1118 2486 cum
1151 2447 1310 2487 81110013
1343 2448 1544 2488 8011110318
1567 2447 1705 2499 gratia

86 2527 282 2567 magnam
304 2515 348 2555 in
369 2515 591 2555 verborum
614 2515 882 2556 collocatione
916 2516 1147 2557 sollertiam
1180 2518 1392 2558 coniunxit
1423 2518 1527 2558 nihil
1550 2519 1673 2559 valet.

202 2585 337 2638 Magis
377 2585 506 2637 igitur
546 2585 736 2626 minusve
781 2585 991 2626 diversam
1032 2586 1176 2628 inferri
1216 2600 1337 2641 posse
1368 2589 1581 2629 notionem
1613 2601 1708 2629 ver-

85 2656 233 2697 borum
273 2655 434 2704 ordine,
484 2656 518 2696 si
565 2656 717 2697 dicitur
760 2656 863 2696 (lata
903 2659 960 2697 est
1006 2660 1081 2697 aut
1123 2660 1180 2698 est
1227 2658 1347 2708 data,
1397 2662 1439 2700 et
1485 2661 1706 2700 consenta-

85 2739 212 2767 neum
253 2728 317 2767 est
357 2728 399 2767 et
440 2727 571 2767 altero
605 2726 842 2768 Catulliano
884 2729 1070 2781 exemplo
1113 2730 1418 2782 comprobatur.
1479 2730 1589 2771 Nam
1620 2730 1704 2783 pri-

85 2809 203 2837 mum
248 2797 503 2850 periphrasis
546 2798 724 2839 verbalis
768 2798 912 2860 tdatus
962 2811 1076 2848 sum,
1125 2791 1191 2841 es'
1227 2802 1320 2849 etc„
1375 2813 1449 2854 per
1492 2813 1619 2853 quam
1659 2800 1704 2840 13
