2013 3223
1063 147 1114 183 92

277 283 457 324 quarum
490 272 561 312 illa
593 272 694 312 item
729 272 779 311 ab
812 282 896 311 una
929 283 977 310 ex
1009 270 1172 323 puellis,
1204 270 1308 311 haec
1341 270 1391 310 ab
1414 282 1496 311 uno
1521 282 1541 310 e
1564 269 1784 310 iuvenibus
1807 281 1905 310 can-

275 343 392 382 tatur
424 365 480 370 —-
513 342 662 381 dixeris
697 341 811 381 chori
843 340 969 381 duces
1002 341 1087 381 sive
1111 341 1365 393 coryphaeos
1399 363 1467 389 -—‚
1501 340 1610 392 quod
1634 340 1903 393 stropharum

275 425 351 465 par
391 412 614 465 ephymnio
657 411 867 452 communi
908 411 1131 463 utriusque
1176 411 1290 452 chori
1330 411 1486 451 finitur.
1558 411 1668 451 Nam
1711 423 1903 463 quaeque

276 484 383 523 actio
401 483 442 522 in
467 483 655 522 versibus
683 487 806 530 1—4‚
832 487 957 530 6—9‚
983 487 1154 524 11—18
1179 482 1391 534 utrimque
1416 482 1651 534 aequaliter
1674 481 1904 533 eodemque

275 554 396 594 modo
431 552 578 593 effecta
610 565 692 592 non
726 553 826 592 sinit
858 553 962 593 haec
996 554 1228 605 systemata
1262 553 1482 593 chororum
1516 553 1720 593 concentu
1763 552 1906 604 aliquo

274 624 487 677 perrumpi
521 626 595 664 aut
628 623 824 676 separari.

394 694 556 747 1·}podos
590 696 702 734 esset
732 694 837 734 haec
869 694 994 734 tertia-
1026 706 1122 747 pars
1155 693 1341 735 vocanda
1373 693 1439 745 (ef.
1471 693 1536 732 W.
1555 693 1697 734 Christ
1718 692 1906 733 Mem-vim

274 778 311 818 p.
347 770 429 806 654
463 766 505 805 et
539 764 586 805 G.
619 765 837 805 Hermann
871 765 920 805 el.
953 765 990 805 d.
1023 778 1077 805 m.
1110 778 1147 818 p.
1182 765 1305 818 725),
1348 765 1428 804 nisi
1469 764 1728 817 hymenaeus
1771 764 1907 804 altera

276 835 405 888 epodo
449 835 637 876 eiusdem
681 847 905 876 mensurae
957 835 1246 876 clauderetur:
1297 837 1362 876 est
1411 835 1539 887 igitur
1577 836 1715 875 totum
1756 846 1906 887 poema

276 906 433 958 epodici
467 906 652 958 generis,
687 906 759 946 sed
792 919 840 947 ex
880 907 929 946 iis
974 919 1080 958 quae
1120 905 1395 961 παλινῳὸικὰ
1433 905 1720 959 appellantur,
1759 903 1801 945 ἐν
1841 896 1908 954 οἷς

274 977 328 1017 ‘ccl
360 975 438 1029 μὲν
470 975 721 1031 περιέχοιτα
754 975 955 1032 ἀλλήλοις
987 975 1102 1017 ἐστὶν
1134 976 1285 1029 ὅμοια,
1319 975 1499 1028 ἀνόμοια
1541 974 1587 1016 δὲ
1627 977 1719 1024 τοῖς
1758 990 1904 1030 περιε-

271 1045 477 1100 χομένοις,
513 1050 559 1088 ut
592 1048 878 1100 Hephaestion
912 1046 1011 1102 :sepi
1044 1047 1289 1103 ποιήματος
1321 1060 1353 1088 c.
1383 1053 1407 1088 4
1443 1047 1630 1100 exponit;
1663 1058 1763 1087 nam
1797 1057 1905 1098 quae

274 1119 333 1159 ibi
367 1119 707 1171 subsequuntur:
741 1120 795 1159 τὰ
835 1117 883 1159 δὲ
916 1118 1202 1173 ,περιεχόμενοι
1245 1117 1445 1175 ἀλλήλοις
1484 1116 1563 1170 μὲν
1604 1116 1734 1170 ὅμοιά
1776 1115 1905 1167 ἐστιν,

274 1187 454 1242 ἀνόμοια
488 1188 534 1230 δὲ
566 1192 657 1238 τοῖς
680 1188 936 1244 περιέχουσι,
971 1202 1019 1230 ea
1042 1189 1259 1230 excludere
1282 1202 1365 1229 non
1386 1190 1564 1242 possunt
1587 1200 1635 1229 ex
1656 1188 1728 1229 illo
1752 1199 1904 1240 genere

274 1261 376 1301 talia
409 1259 696 1314 παλινῳὸικά,
729 1261 771 1300 in
806 1261 957 1312 quibus
991 1261 1263 1313 stropharum
1296 1260 1511 1312 complura
1550 1259 1669 1312 paria
1709 1259 1820 1299 inter
1861 1270 1905 1298 se

273 1332 513 1384 inaequalia
546 1333 646 1371 sunt
679 1331 924 1383 diversoque
959 1332 1132 1380 ambitu,
1166 1332 1275 1371 sicut
1306 1331 1348 1371 in
1387 1331 1466 1371 hoc
1499 1329 1748 1371 Catulliano.
1813 1328 1908 1369 Sin-

275 1403 432 1455 gularis
467 1402 577 1442 enim
611 1403 699 1443 eius
734 1402 875 1454 aliqua
907 1414 1016 1455 pars,
1050 1414 1155 1454 quae
1188 1401 1364 1454 propriis
1408 1412 1631 1441 mensurae
1672 1399 1906 1440 rationibus

275 1474 442 1514 constat
484 1475 526 1513 et
569 1473 708 1525 epodis
750 1473 860 1513 inter
909 1485 951 1513 se
992 1473 1163 1525 paribus
1201 1472 1449 1520 includitur,
1494 1473 1559 1512 est
1601 1461 1905 1532 ‘hymenaeus'

275 1544 442 1597 proprie
476 1544 689 1584 dicendus.
748 1535 972 1598 Ἐπῳόικὰ
1013 1541 1061 1583 δέ
1103 1542 1218 1584 ἐστιν
1259 1541 1302 1583 ἐν
1342 1535 1406 1591 οἷς
1437 1541 1701 1597 σιοτήμασιν
1740 1538 1908 1593 ὁμοίοις

277 1613 476 1667 ἀνόμοιόν
510 1630 549 1654 τι
584 1611 864 1670 ἐπιφέρεται,
908 1616 956 1654 ut
998 1615 1057 1654 ait
1099 1614 1233 1667 Heph.
1272 1614 1297 1653 1.
1339 1626 1391 1661 0.,
1433 1615 1481 1653 ut
1522 1614 1634 1653 recte
1677 1614 1719 1653 et
1759 1624 1905 1653 versus

278 1690 447 1726 11—19
483 1687 525 1726 et
559 1690 730 1726 59—66
767 1697 863 1725 cum
896 1697 1020 1725 versu
1054 1686 1150 1725 ante
1185 1698 1219 1724 v.
1254 1689 1306 1725 59
1350 1684 1502 1724 amisso
1545 1683 1704 1736 epodici
1743 1682 1907 1735 generis

275 1769 365 1798 esse
399 1757 602 1797 dicantur.

393 1828 664 1880 Hymenaeus
700 1828 842 1867 autem
876 1839 895 1867 e
928 1827 1062 1867 tribus
1096 1826 1366 1879 stropharum
1398 1826 1569 1879 paribus
1593 1825 1771 1873 constat,
1806 1835 1908 1876 quo-

275 1912 369 1939 rum
402 1899 586 1951 primum
620 1910 834 1946 senorum,
877 1898 1060 1938 alterum
1104 1900 1391 1950 septenorum,
1430 1897 1604 1937 tertium
1642 1895 1907 1936 undenorum

275 1982 474 2010 versuum
508 1969 690 2022 strophis
724 1970 901 2017 constat,
935 1981 1041 2020 quae
1076 1968 1311 2021 ephymniis
1351 1968 1578 2008 terminata
1619 1978 1643 2007 a
1680 1966 1830 2019 puellis
1864 1966 1909 2006 et

274 2040 496 2081 iuvenibus
529 2040 713 2080 vicissim
746 2042 859 2080 certo
884 2040 1027 2080 ordine
1052 2041 1276 2080 canuntur.
1327 2038 1407 2079 Sed
1432 2038 1511 2079 etsi
1532 2038 1683 2078 horum
1706 2049 1906 2077 versuum

275 2124 489 2159 numerus,
525 2111 558 2151 si
592 2111 642 2151 ab
677 2111 912 2163 ephymniis
956 2110 1217 2158 discesseris,
1259 2110 1417 2150 binario
1458 2122 1632 2149 numero
1672 2108 1800 2148 dividi
1840 2107 1906 2148 vel

274 2183 414 2235 potius
449 2182 601 2234 singuli
634 2182 711 2222 hoc
742 2181 910 2222 modulo
952 2181 1130 2221 dimensi
1170 2181 1212 2220 in
1252 2181 1462 2221 binarium
1503 2191 1728 2220 numerum
1770 2178 1906 2231 primo

277 2253 545 2306 stropharum
576 2253 667 2306 pari
701 2254 870 2305 excepto
904 2252 1100 2304 coniungi
1132 2254 1321 2305 possunt,
1354 2254 1497 2291 tamen
1530 2262 1578 2291 ea
1619 2249 1802 2290 libidinis
1844 2248 1909 2288 in-

277 2325 454 2364 solentia
488 2336 510 2364 a
543 2324 685 2364 limine
719 2324 929 2364 reicienda
963 2325 1038 2371 est,
1072 2335 1154 2375 qua
1188 2323 1302 2374 quis,
1344 2335 1440 2363 cum
1480 2323 1521 2362 et
1559 2318 1611 2361 ad
1653 2332 1801 2361 sensus
1841 2331 1908 2360 co-

276 2407 428 2435 nexum
463 2397 504 2435 et
538 2395 589 2435 ad
624 2395 932 2435 sententiarum
975 2395 1085 2434 inter
1127 2406 1169 2434 se
1212 2394 1518 2434 contrariarum
1560 2392 1908 2444 aequabilitatem

276 2466 317 2506 in
352 2466 525 2518 stropha
558 2467 599 2506 et
622 2466 662 2505 in
687 2466 951 2518 antistropha
973 2465 1109 2518 prima
1135 2465 1240 2504 nihil
1274 2464 1393 2513 desit,
1427 2464 1643 2505 Catullum
1676 2462 1908 2503 enuntiatis

278 2536 362 2576 sive
397 2537 608 2589 ampliatis
643 2537 728 2577 sive
761 2537 959 2577 breviatis
993 2536 1202 2577 binarium
1235 2548 1435 2576 versuum
1473 2546 1697 2575 numerum
1739 2534 1781 2574 in
1814 2533 1908 2573 imi-

277 2608 433 2648 tatione
468 2620 544 2647 sua
576 2620 658 2648 non
692 2619 880 2648 servasse
914 2607 1156 2647 harioletur.

397 2678 555 2718 Verum
605 2679 710 2718 nihil
760 2679 839 2719 hac
882 2678 1150 2731 dispositione
1195 2677 1245 2718 ad
1290 2689 1485 2717 scaenam
1525 2678 1566 2716 et
1608 2675 1906 2728 argumentum

278 2749 417 2801 aptius
458 2751 532 2789 est.
595 2749 645 2789 In
687 2749 898 2802 prooemio
942 2749 1051 2801 quod
1094 2750 1268 2789 vocatur
1306 2748 1329 2787 i.
1369 2761 1401 2788 e.
1443 2748 1485 2787 in
1528 2747 1716 2787 versibus
1764 2749 1904 2786 1-19

275 2820 415 2872 ipsum
450 2820 627 2860 duorum
662 2821 883 2861 chororum
916 2822 1129 2861 certamen
1170 2821 1354 2872 paratur.
1417 2818 1527 2858 Nam
1568 2830 1663 2858 cum
1705 2817 1746 2857 in
1787 2816 1906 2857 initio
