2013 3223
1083 145 1136 181 60

299 267 520 319 quendam,
553 269 602 308 ut
634 269 744 308 certe
779 268 876 307 ante
907 267 1021 307 hunc
1044 267 1202 319 aliquid
1225 267 1487 308 intercidisse
1511 269 1720 321 appareat.
1768 268 1926 310 Utrum

298 337 484 378 medium
520 338 703 389 aliquem
735 337 874 377 locum
906 337 1102 378 habuerit
1135 350 1187 378 an
1221 338 1422 378 ultimum
1453 351 1548 379 mox
1580 338 1824 380 videbimus.

416 407 606 448 Conexus
653 409 795 447 autem
837 408 879 447 et
922 420 1119 448 versuum
1162 413 1216 449 32
1257 410 1299 449 et
1341 414 1392 450 35
1432 421 1530 450 voce
1571 409 1748 462 Hesperi
1787 409 1926 462 signa·

295 479 435 518 torum
468 478 680 530 responsio
712 478 912 530 postulat,
943 479 993 518 ut
1023 479 1186 531 puellas
1220 479 1602 532 dixisse'putemus
1636 480 1720 519 tale
1744 479 1924 532 aliquid:

294 559 369 588 nos
413 548 581 599 quidem
624 548 714 588 iure
757 560 805 588 ac
845 548 995 588 merito
1037 549 1155 600 queri
1198 549 1420 598 debemus,
1469 549 1503 589 si
1550 549 1766 603 Hesperus
1811 563 1926 592 nunc

295 630 424 658 unam
459 630 478 658 e
511 619 656 658 nostra
689 618 890 658 societate
924 620 966 659 et
998 619 1184 660 amicitia
1218 620 1406 660 abstulit.

414 686 571 738 Quodsi
603 688 788 741 primum
821 689 1091 741 stropharum
1114 702 1190 742 par
1213 689 1264 730 ad
1287 702 1417 731 novae
1440 691 1596 743 nuptae
1621 691 1922 732 seiunctionem

297 770 320 798 a
362 758 512 798 matris
559 758 653 798 sinu
695 759 938 811 gremioque
988 759 1145 800 factam
1183 761 1384 813 pertinet,
1424 761 1509 800 iam
1551 761 1732 802 alterum
1773 761 1926 802 deduc-

293 829 451 868 tionem
485 829 593 877 0108,
627 841 733 880 quae
777 830 854 869 sub
895 829 1073 882 Hesperi
1116 832 1210 870 ortu
1251 830 1319 879 fit,
1366 830 1545 879 indicat,
1593 831 1633 871 id
1683 831 1792 884 quod
1838 832 1923 872 iam

292 898 480 939 Pleitner
512 900 536 940 l.
571 912 604 939 c.
635 912 673 952 p.
709 904 760 941 68
794 900 1012 941 intellexit.
1059 901 1151 942 Hac
1182 901 1312 953 igitur
1335 902 1531 942 carminis
1555 902 1769 942 amoebaei
1790 904 1923 955 parte,

293 969 342 1010 de
376 982 459 1021 qua
491 983 603 1010 nunc
636 971 812 1022 agimus,
845 971 1020 1012 actionis
1053 984 1301 1024 progressus
1336 972 1508 1024 quidam
1540 972 1715 1022 leniter,
1757 972 1830 1013 sed
1863 972 1924 1012 di-

293 1040 445 1080 stincte
479 1041 741 1093 significatur
772 1041 819 1090 is,
854 1042 924 1093 qui
957 1042 1137 1094 priorem
1171 1043 1378 1083 actionem
1406 1042 1584 1095 excipiat
1616 1045 1659 1083 et
1690 1055 1836 1083 rursus
1870 1042 1922 1083 ad

293 1110 520 1163 insequens
554 1112 824 1164 stropharum
856 1124 932 1165 par
964 1113 1192 1153 transitum
1225 1114 1356 1166 paret.
1418 1113 1521 1153 Inde
1566 1113 1695 1165 igitur
1725 1113 1815 1154 iure
1848 1125 1924 1157 Suo

293 1181 405 1222 idem
438 1182 500 1222 vir
534 1182 682 1222 doctus
715 1183 740 1222 l.
775 1195 806 1223 0.
841 1183 1057 1232 conclusit,
1090 1184 1285 1224 lacunam
1319 1185 1488 1224 tantum
1520 1184 1728 1224 modicam
1757 1185 1799 1224 et
1831 1195 1923 1224 eam

293 1251 405 1292 intra
439 1252 620 1292 alterum
654 1253 925 1306 stropharum
957 1266 1033 1306 par
1067 1266 1180 1303 esse,
1212 1255 1375 1294 nullam
1409 1256 1552 1294 autem
1583 1256 1803 1307 praeterea
1835 1266 1924 1295 car-

293 1322 419 1362 minis
453 1323 667 1363 amoebaei
698 1325 865 1376 partem
900 1324 1054 1365 deesse.

411 1393 518 1434 Tum
551 1394 642 1446 ipsa
675 1395 876 1434 orationis
910 1396 1009 1448 apta
1043 1397 1085 1436 et
1117 1395 1318 1436 concinna
1352 1395 1625 1436 conformatio
1649 1395 1849 1448 coarguit,
1881 1396 1924 1436 in

293 1464 558 1517 antistropha
589 1467 685 1517 post
717 1478 753 1505 v.
788 1470 854 1514 37,
889 1478 1014 1517 quem
1048 1466 1240 1518 sequitur
1273 1466 1567 1519 ephymnium,
1598 1466 1703 1506 nihil
1735 1466 1788 1506 ad
1831 1478 1925 1506 sen-

292 1535 470 1575 tentiam
518 1535 775 1588 propositam
823 1535 979 1576 deesse.
1048 1536 1141 1576 Iam
1182 1536 1250 1576 hic
1289 1536 1545 1576 monendum
1591 1537 1691 1585 erit,
1733 1537 1841 1577 sicut
1879 1536 1923 1576 in

292 1606 426 1658 primo
469 1607 738 1659 stropharum
780 1607 871 1659 pari
918 1607 1095 1647 ultimus
1138 1607 1315 1659 quisque
1355 1620 1501 1647 versus
1542 1607 1585 1647 in
1624 1607 1925 1659 interrogativo

293 1677 433 1729 aliquo
482 1678 700 1717 enuntiato
749 1679 914 1717 constat
963 1678 1193 1729 eademque
1247 1678 1456 1718 enuntiati
1502 1678 1637 1718 forma
1684 1678 1726 1718 in
1772 1677 1923 1718 ultimo

293 1747 466 1788 alterius
501 1748 788 1800 antistrophae
821 1760 945 1788 versu
979 1748 1069 1801 (37)
1102 1748 1224 1797 redit,
1257 1749 1359 1788 item
1393 1750 1724 1789 consentaneum
1757 1761 1848 1789 esse
1880 1748 1923 1788 in

293 1818 466 1858 alterius
511 1819 707 1871 strophae
756 1818 838 1859 fine
889 1819 1261 1871 interrogationem
1304 1820 1491 1871 aliquam
1534 1820 1672 1860 locum
1714 1819 1924 1860 habuisse.

291 1888 386 1928 Duo
418 1889 547 1941 igitur
579 1902 725 1929 versus
760 1902 856 1930 curn
890 1890 1113 1943 ephymnio
1154 1891 1368 1931 subsecuti
1411 1892 1511 1931 sunt
1552 1903 1685 1931 unum
1725 1891 1796 1943 qui
1838 1902 1925 1931 ser-

292 1961 416 2000 vatus
449 1961 535 2007 est;
570 1972 667 2012 ergo
691 1962 1011 2001 antecesserunt
1039 1963 1137 2010 tres,
1172 1961 1371 2013 quoniam
1394 1974 1527 2002 unum
1549 1963 1718 2002 tantum
1742 1973 1925 2010 versum,

292 2030 410 2070 cuius
458 2031 569 2070 intra
618 2032 803 2084 spatium
853 2032 1112 2085 suppeditari
1160 2032 1293 2084 possit
1332 2032 1372 2072 id
1408 2032 1517 2084 quod
1559 2032 1814 2073 sententiam
1855 2044 1924 2072 ex-

292 2101 427 2153 pleat,
469 2103 566 2142 ante
599 2114 783 2154 namque
820 2102 1082 2143 intercidisse
1125 2103 1210 2143 veri
1251 2103 1386 2143 simile
1429 2106 1516 2152 est,
1559 2105 1736 2155 quartus
1779 2104 1923 2143 autem

295 2172 472 2224 quisque
506 2172 729 2225 utriusque
764 2173 960 2226 strophae
993 2174 1273 2226 responsionis
1316 2174 1406 2226 lege
1449 2186 1574 2214 suum
1615 2174 1754 2214 locum
1795 2174 1924 2214 tenet.

294 2241 557 2294 Omninoque
591 2244 701 2284 sicut
732 2244 775 2284 in
807 2244 981 2296 reliquis
1015 2245 1103 2285 eius
1138 2245 1334 2285 carminis
1369 2245 1582 2286 amoebaei
1614 2245 1805 2298 partibus
1839 2244 1925 2284 sin-

293 2314 393 2364 gula
426 2314 645 2355 enuntiata
677 2327 798 2367 pares
830 2315 988 2356 habent
1021 2315 1319 2356 similitudines
1353 2318 1395 2356 et
1416 2316 1721 2369 responsiones,
1754 2314 1923 2357 easdem

291 2384 489 2425 habuisse
522 2385 600 2425 hoc
633 2385 815 2426 alterum
850 2386 1120 2439 stropharum
1150 2399 1225 2439 par
1248 2388 1578 2427 consentaneum
1612 2388 1686 2436 est,
1720 2386 1800 2427 etsi
1830 2386 1923 2439 ipsa

294 2455 513 2495 enuntiata
546 2456 747 2508 refingere
779 2469 892 2497 nunc
922 2469 1005 2497 non
1037 2469 1273 2510 possumus.

411 2527 549 2577 Atque
583 2526 622 2566 id
658 2539 836 2579 quoque,
870 2528 980 2580 quod
1013 2528 1197 2568 codicem
1230 2528 1507 2581 archetypum
1541 2528 1739 2569 scribenti
1771 2527 1922 2569 erroris

293 2596 551 2637 occasionem
585 2597 710 2646 dedit,
742 2610 825 2638 non
859 2599 948 2639 sine
982 2599 1123 2650 aliqua
1156 2599 1450 2651 probabilitate
1483 2599 1563 2640 dici
1595 2600 1748 2653 potest.
1808 2599 1922 2639 Nam

293 2678 389 2707 cum
431 2666 473 2706 in
512 2680 635 2707 versu
681 2673 734 2709 33
777 2669 948 2709 iuvenes
992 2670 1262 2721 alloquantur
1302 2670 1540 2723 Hesperum
1580 2684 1653 2724 per
1693 2682 1921 2723 pronomen

293 2738 373 2785 tuo,
406 2737 441 2777 is
475 2737 562 2790 ipse
595 2738 637 2778 in
669 2739 804 2791 priore
837 2752 961 2780 versu
994 2740 1236 2780 nominatus
1268 2740 1397 2781 fuisse
1431 2741 1575 2788 debet;
1608 2741 1718 2781 unde
1750 2741 1922 2793 propter

293 2819 535 2848 sermonum
569 2810 915 2860 aequabilitatem
947 2810 1033 2851 veri
1056 2810 1191 2851 simile
1219 2810 1277 2859 fit,
1311 2811 1491 2851 eundem
1513 2812 1555 2851 in
1578 2811 1697 2851 initio
1723 2811 1919 2864 strophae
