2013 3223
914 139 936 175 7

119 263 338 316 excipiunt,
368 275 451 303 non
483 274 648 302 omnem
678 262 834 314 nuptae
867 274 956 302 esse
989 261 1247 302 contendunt
1286 263 1451 315 arrepto
1485 261 1594 313 quod
1634 261 1730 302 illae

117 334 426 386 usurpaverant
456 332 655 374 vocabulo
688 331 740 372 ad
771 331 1043 373 refutandum
1074 331 1138 372 his
1171 332 1330 372 verbis:

668 401 794 443 tertia
824 401 914 442 sola
947 404 1021 442 tua
1053 404 1121 443 est.

118 472 341 513 Praeterea
358 472 537 513 similem
558 476 796 525 respectum
816 472 960 513 haberi
983 473 1025 513 in
1043 471 1267 524 puqnandi
1288 472 1453 513 nomine
1476 472 1732 525 reliquisque

115 543 355 596 puellarum
387 542 508 584 dictis
540 542 624 583 iam
655 542 927 583 manifestum
958 542 1017 583 fit.

234 613 437 654 Dativum
478 614 621 654 autem
661 626 756 654 cum
794 614 917 654 verbo
956 613 1171 666 pugnandi
1201 613 1393 653 iunctum
1424 612 1467 653 in
1498 626 1534 653 v.
1568 617 1621 654 64
1664 611 1731 666 (cf.

117 683 243 736 Prop.
288 683 310 724 I
359 689 433 733 10,
481 689 532 725 21
576 683 641 724 Tu
680 696 794 731 cave,
852 696 903 724 ne
951 683 1065 724 tristi
1114 682 1266 734 cupias
1306 695 1504 735 puy‘nare
1545 681 1734 736 puellae)

119 753 279 795 Graeco
319 766 434 795 more
477 756 629 808 putant
673 754 861 808 plerique
902 754 1084 807 primum
1125 753 1341 795 Catullum
1379 753 1447 794 hic
1493 753 1731 794 adhibuisse

117 823 168 865 cf.
218 824 424 877 Draeger‚
485 824 747 866 Historische
798 823 964 877 Syntax
1018 824 1072 865 1²
1130 837 1168 877 p.
1219 828 1316 866 406.
1397 824 1572 864 Kiihner
1619 824 1645 864 l.
1700 836 1732 864 c.

118 908 157 948 p.
190 899 287 936 234.
334 895 582 947 omninoque
624 895 788 948 saepius
835 894 1045 943 videmus,
1092 894 1163 934 ubi
1210 894 1347 946 graeci
1394 895 1436 934 et
1480 894 1601 934 latini
1648 905 1735 935 ser-

117 965 253 1005 monis
295 965 440 1006 eadem
486 965 628 1017 aliqua
672 966 787 1006 extat
823 965 1044 1005 verborum
1089 964 1173 1004 sive
1216 965 1430 1004 structura
1477 964 1562 1004 sive
1609 964 1734 1012 notio,

117 1046 211 1076 eam
242 1035 450 1076 immerito
479 1035 530 1075 ad
564 1034 819 1076 Graecorum
859 1035 1136 1075 imitationem
1177 1033 1333 1074 referri.
1397 1033 1479 1075 Sed
1512 1034 1592 1075 etsi
1623 1033 1734 1087 apud

118 1104 314 1146 Ovidium
360 1105 404 1145 in
451 1106 550 1145 met.
594 1105 616 1145 I
665 1111 716 1147 19
730 1117 790 1157 sq.
830 1104 981 1158 duplex
1023 1105 1086 1145 est
1128 1103 1314 1145 eiusdem
1360 1104 1475 1145 verbi
1519 1103 1735 1158 pugnandi

115 1176 330 1216 structura

349 1244 535 1298 Frigida
561 1245 812 1298 puynabant
842 1244 998 1286 calidis
1028 1244 1217 1286 umentia
1248 1244 1382 1294 siccis,

349 1315 508 1356 Mollia
539 1328 630 1356 cum
662 1315 796 1365 duris,
827 1315 920 1356 sine
945 1315 1132 1366 pondere
1163 1314 1363 1356 habentia
1386 1314 1568 1367 pondus,

115 1386 311 1438 equidem
353 1387 497 1427 tamen
536 1386 782 1427 crediderim
825 1385 1061 1435 Catullum,
1110 1387 1256 1439 utpote
1298 1386 1369 1438 qui
1408 1388 1497 1427 tam
1536 1387 1733 1428 accurata

115 1456 319 1497 sermonis
350 1457 603 1510 proprietate
635 1458 793 1505 utatur,
834 1469 918 1497 non
950 1457 1037 1497 sine
1069 1456 1247 1497 notionis
1281 1456 1513 1497 differentia
1544 1457 1587 1497 in
1618 1470 1654 1498 v.
1678 1461 1730 1499 59

106 1538 306 1579 pugnare
347 1539 440 1566 cum
487 1528 529 1568 et
565 1527 633 1568 hic
665 1539 862 1579 puynare
902 1525 1036 1566 alicui
1073 1526 1208 1567 dicere
1248 1527 1441 1567 voluisse.
1502 1526 1610 1579 Ergo
1650 1539 1734 1568 non

113 1609 209 1638 vere
243 1596 508 1639 Graecismus
550 1597 653 1638 mihi
683 1598 718 1638 is
752 1597 918 1638 dativus
950 1597 1115 1638 videtur
1148 1609 1259 1646 esse,
1302 1597 1373 1638 sed
1406 1609 1454 1638 ex
1486 1596 1734 1638 adversandi

114 1667 155 1708 vi
202 1667 386 1720 pendens
437 1667 594 1709 indicat
635 1667 868 1708 secundum
909 1668 1029 1708 latini
1071 1668 1272 1708 sermonis
1315 1668 1532 1720 vulgarem
1573 1680 1733 1709 morem

116 1750 209 1787 eos,
249 1737 301 1778 ad
340 1750 443 1790 quos
482 1739 694 1779 certamen
733 1739 936 1791 pertinet,
977 1738 1049 1778 sed
1082 1750 1178 1779 cum
1212 1738 1363 1790 quibus
1395 1738 1516 1791 ipsis,
1556 1740 1605 1779 ut
1637 1750 1734 1779 cum

114 1808 310 1860 coniuge,
354 1820 438 1849 non
479 1808 620 1848 initur.
683 1808 765 1849 Sed
806 1808 894 1849 eius
941 1808 1070 1849 dativi
1109 1809 1152 1848 in
1195 1809 1330 1849 verbis
1372 1808 1587 1862 pugnandi
1619 1808 1731 1862 apud

114 1880 258 1931 poetas
292 1879 442 1919 aetatis
464 1880 705 1931 Augusteae
736 1878 886 1918 usitati
918 1878 1118 1930 originem
1151 1878 1202 1919 ab
1234 1878 1324 1931 ipsa
1356 1878 1497 1919 Latini
1529 1879 1732 1920 sermonis

113 1949 267 1989 natura
308 1948 577 2002 repetendam
617 1960 727 1998 esse,
767 1949 852 1989 iam
892 1949 1145 1989 monuerunt
1184 1948 1320 1997 Bach‚
1352 1947 1438 1989 Die
1470 1947 1604 1989 Lehre
1642 1961 1732 1989 vom

114 2018 335 2061 Gebrauch
367 2018 440 2060 der
473 2017 609 2060 Casus
648 2018 697 2059 in
737 2018 811 2060 der
849 2017 1122 2059 lateinischen
1162 2017 1528 2070 Dichterspraehe.
1594 2017 1733 2060 Gotha

117 2094 228 2131 1848
263 2089 426 2142 aliique,
459 2102 562 2142 quos
595 2089 740 2130 attulit
770 2089 923 2131 Hoerle
957 2089 1006 2131 de
1029 2101 1204 2131 casuum
1226 2102 1307 2130 usu
1328 2089 1600 2143 Propertiano
1633 2090 1732 2131 diss.

65 2174 68 2176 ’
113 2159 285 2200 Halens.
319 2164 428 2202 1887
462 2174 500 2214 p.
532 2165 599 2201 41.

231 2230 371 2272 Habet
400 2231 529 2284 igitur
559 2231 627 2272 hic
659 2232 806 2272 cantus
837 2243 982 2284 parem
1014 2231 1282 2284 stropharum
1314 2231 1658 2283 aequabilitatem
1690 2232 1732 2272 et

114 2300 313 2342 orationis
345 2302 656 2355 responsionem
689 2303 816 2354 atque
848 2302 1006 2355 priores
1040 2301 1234 2354 strophae
1268 2302 1310 2342 et
1342 2301 1639 2354 antistrophae‚
1671 2301 1732 2342 ita

114 2372 258 2412 tamen
299 2373 348 2412 ut
389 2372 586 2424 quoniam
624 2385 736 2413 nunc
779 2372 1054 2413 conciliantur
1085 2372 1286 2412 iuvenum
1319 2373 1362 2413 et
1392 2372 1630 2425 puellarum
1662 2385 1732 2413 vo-

113 2441 321 2491 luntates,
363 2441 564 2483 dissoluto
596 2443 680 2483 iam
712 2443 940 2484 certamine
974 2454 1187 2483 sermones
1220 2442 1417 2483 contrarii
1448 2455 1571 2483 versu
1603 2443 1733 2484 inter-

114 2512 242 2553 calari
271 2525 355 2553 non
387 2515 649 2566 separentur,
687 2513 760 2554 sed
791 2513 900 2554 inter
929 2506 975 2554 ‘se
1008 2512 1140 2554 iuncti
1170 2525 1294 2554 versu
1325 2513 1395 2554 illo
1426 2513 1627 2554 finiantur
1664 2514 1732 2555 vel

112 2583 253 2636 potius
285 2583 583 2624 consocientur.
643 2584 778 2637 Igitur
808 2584 844 2625 is
873 2585 1033 2632 cantus,
1067 2583 1138 2635 qui
1171 2584 1365 2624 carminis
1399 2584 1610 2624 amoebaei
1643 2596 1731 2625 cer-

113 2655 258 2694 tamen
299 2656 519 2706 tamquam
560 2654 748 2695 clausula
790 2654 1000 2706 sequitur,
1048 2655 1171 2706 aptus
1212 2653 1292 2694 dici
1324 2653 1447 2695 debet
1487 2654 1566 2707 ipsi
1597 2654 1728 2694 totius

113 2724 317 2776 poematis
350 2724 502 2765 actioni
531 2737 643 2765 nunc
675 2724 896 2766 confectae.

231 2794 342 2835 Nam
389 2795 499 2847 quod
539 2795 595 2836 M.
636 2795 782 2848 Haupt
823 2807 885 2848 op.
931 2795 952 2835 I
1000 2807 1038 2848 p.
1080 2795 1169 2836 36*
1219 2794 1454 2836 contendit:
1502 2793 1569 2835 die
1616 2793 1728 2836 latete
