2013 3223
1063 128 1136 186 89..

272 257 430 310 nuptiis
469 257 554 296 sive
594 253 843 295 Rossbachii
881 252 1128 292 adsciscitur
1168 251 1271 291 liber
1311 251 1395 291 sive
1435 250 1589 291 citatur
1623 250 1666 292 C.
1698 251 1763 291 Fr.
1795 250 1902 291 Her—

271 340 412 372 mann,
444 326 549 366 nihil
582 324 676 365 inde
710 323 770 363 illi
803 322 1002 370 efficiunt,
1034 322 1115 362 nisi
1148 324 1196 361 ut
1228 333 1380 361 vanam
1412 322 1564 374 putent
1596 320 1721 361 huius
1754 321 1903 362 carmi-

272 398 336 438 nis
371 397 589 438 actionem.
652 393 812 434 Audias
847 404 1002 444 quaeso
1035 393 1137 433 talia
1161 391 1369 432 dicentem
1402 391 1597 443 aliquem,
1631 391 1702 443 qui
1725 392 1902 444 utroque

273 468 376 508 libro
411 465 596 506 adhibito
631 464 733 503 haec
766 462 947 515 profert:
990 465 1156 502 meissen
1197 461 1277 502 wir
1318 474 1397 503 uns
1430 460 1633 501 denmach
1666 460 1744 500 das
1775 460 1904 502 Haus

274 537 343 577 des
376 534 660 585 Brcmtvyams
693 532 758 572 als
791 532 870 572 (1011
904 530 1161 583 Schauplatz
1193 531 1266 572 der
1290 530 1530 583 Handluwy
1563 530 1732 580 denhem,
1765 543 1808 571 so
1839 543 1904 571 er-

273 607 433 647 kemzen
468 604 545 645 wir
579 603 709 644 (Zarin
741 602 832 643 eine
864 601 1041 642 Fit-tion
1075 601 1144 642 des
1168 600 1377 651 Dichters,
1411 601 1479 642 die
1512 601 1591 641 den
1614 600 1760 641 Zweck
1780 600 1904 651 hatte,

273 678 351 717 das
387 688 519 728 ycmz‘e
565 673 741 715 Gedicht
779 673 871 713 dem,
917 672 952 712 V
950 672 1237 712 erstandmse
1279 671 1348 712 des
1392 671 1622 712 romisehoen
1655 670 1906 713 Pubh'kums

273 747 384 788 recht
414 745 523 786 nahe
553 758 607 785 zu
628 743 795 797 rilcken.
840 743 959 784 Idem
993 746 1148 783 temere
1182 743 1439 795 vituperavit
1472 743 1511 782 in
1546 743 1771 796 Koechlyo,
1818 744 1904 784 viro

275 818 465 871 egregiae
508 815 775 869 prudentiae,
825 813 933 866 quod
978 814 1064 854 sine
1108 814 1192 854 ullo
1235 813 1387 853 iudicio
1430 812 1703 853 confunderet
1735 826 1905 865 graecos

274 899 554 939 romanosque
587 898 737 934 mores,
771 884 842 925 sed
877 884 984 936 quod
1018 885 1105 937 ipse-
1141 884 1268 932 finxit,
1302 884 1423 924 inane
1458 885 1532 924 est.

393 958 503 1008 Quid
536 958 699 997 constet
741 956 790 996 de
825 968 950 996 cenae
995 955 1082 995 1000
1118 954 1318 1003 vidimus,
1356 955 1571 995 Baehrens
1606 966 1792 1006 quoque,
1835 955 1906 1007 qui

275 1030 413 1071 omnia
454 1028 505 1069 ad
546 1040 684 1068 mores
726 1038 919 1067 romanos
964 1025 1184 1074 transfert,
1227 1025 1372 1066 itidem
1414 1025 1623 1066 iudicavit.
1686 1025 1777 1066 Iam
1810 1037 1906 1066 vero

276 1100 374 1153 quid
416 1099 587 1139 tandem
630 1097 866 1150 accepimus
912 1097 959 1137 de
996 1096 1252 1136 Graecorum
1294 1097 1405 1136 cenis
1439 1096 1729 1149 nuptialibus?
1792 1095 1908 1136 Nihil

274 1171 353 1211 nisi
388 1173 434 1210 ut
467 1181 600 1222 pauca
623 1181 696 1208 nos
722 1168 826 1208 scire
849 1167 970 1210 fateri
995 1167 1234 1207 debeamus.
1284 1167 1393 1217 Quid
1426 1179 1545 1220 porro
1580 1166 1628 1206 de
1662 1166 1907 1207 Lesbiorum

275 1241 460 1281 moribus
493 1240 574 1279 huc
599 1238 943 1292 pertinentibus?
977 1237 1080 1277 nihil
1115 1237 1225 1277 aliud
1260 1238 1340 1276 nisi
1375 1237 1483 1288 quod
1518 1249 1565 1276 ex
1597 1237 1674 1277 1100
1707 1237 1794 1289 ipso
1818 1249 1908 1277 car-

275 1312 386 1351 mine
421 1310 606 1363 apparet.
669 1308 779 1348 Item
813 1307 862 1347 de
896 1307 1155 1347 carminis
1189 1320 1381 1359 genere
1414 1306 1629 1347 Baehrens
1664 1306 1714 1346 ad
1748 1319 1779 1347 c.
1812 1307 1908 1348 LXI

275 1396 312 1435 p.
347 1386 428 1422 322
464 1382 575 1420 recte
609 1378 832 1425 iudicarim
881 1380 945 1418 est
987 1378 1097 1418 enim
1130 1377 1168 1417 id
1205 1390 1252 1417 ex
1287 1377 1549 1430 hymenaeis,
1585 1377 1654 1429 qui
1688 1378 1811 1430 prout
1843 1377 1909 1418 vel

276 1453 317 1492 in
342 1451 588 1492 deductione
623 1451 713 1503 ipsa
740 1462 761 1489 a
787 1449 1085 1489 comitantibus
1120 1449 1256 1489 choris
1291 1448 1356 1487 vel
1389 1460 1411 1487 a
1434 1448 1645 1488 stantibus
1679 1447 1907 1500 eodemque

276 1524 363 1564 loco
404 1522 672 1562 manentibus
715 1520 1018 1567 cantabantur,
1061 1519 1157 1560 111110
1197 1519 1274 1571 ipsi
1308 1519 1423 1558 varia
1457 1520 1706 1569 argumenta
1738 1519 1909 1571 praebe-

276 1594 389 1642 bant,
422 1605 503 1632 non
537 1605 583 1632 ex
617 1591 912 1644 epithalamiis.
975 1591 1106 1630 Abest
1139 1592 1283 1630 autem
1316 1590 1382 1630 hic
1415 1589 1548 1629 omnis
1582 1588 1822 1629 fescennina
1852 1589 1909 1630 io-

278 1664 405 1712 catio,
455 1663 623 1715 qualem
657 1674 825 1702 carmen
860 1661 1047 1714 nuptiale
1082 1660 1175 1700 LXI
1211 1661 1414 1703 continet,
1465 1659 1594 1711 quod,
1643 1672 1739 1699 cum
1781 1659 1908 1700 altius

278 1735 449 1787 spectet,
483 1746 571 1774 rem
604 1732 698 1772 inde
723 1744 746 1772 a
778 1732 888 1771 vitae
913 1732 1103 1784 publicae
1127 1731 1402 1784 privataeque
1435 1730 1721 1770 fundamentis
1755 1730 1910 1783 repetit

278 1807 319 1844 et
358 1804 512 1856 ubique
563 1803 613 1843 ad
655 1803 866 1843 Romanos
915 1815 1052 1842 mores
1102 1801 1466 1842 accommodatum
1517 1803 1602 1847 est3
1652 1801 1719 1841 1110
1767 1802 1909 1841 tamen

278 1887 489 1927 nusquam
523 1875 573 1914 ab
607 1874 698 1914 istis
733 1873 919 1913 moribus
955 1873 1185 1925 quidquam
1218 1873 1399 1925 petitum
1434 1874 1509 1920 est,
1542 1871 1620 1911 etsi
1654 1871 1909 1912 Baehrensio

279 1946 563 1999 compluribus
596 1945 696 1985 locis
730 1944 771 1984 id
805 1956 894 1984 esse
919 1943 1078 1984 factum
1112 1943 1287 1983 videtur.
1350 1943 1460 1982 Nam
1494 1941 1698 1993 desponsa
1729 1941 1910 1982 conubia

279 2018 331 2068 (v.
366 2016 436 2067 27)
471 2016 504 2056 is
545 2028 717 2055 romana
750 2015 960 2067 intellegit
996 2005 1263 2075 &sponsaliass
1308 2026 1390 2065 qua
1424 2014 1463 2053 in
1496 2013 1663 2053 notione
1697 2013 1825 2052 etiam
1857 2012 1910 2052 ad

280 2100 314 2126 v.
357 2092 409 2128 23
451 2086 648 2126 subtilius
688 2098 734 2125 ac
779 2085 1000 2125 violentius
1043 2085 1271 2136 distinguit
1315 2075 1522 2145 ‘pactum'
1562 2083 1612 2123 ab
1654 2083 1755 2135 ipsis
1789 2095 1911 2136 spon-

281 2158 460 2206 salibus,
505 2169 611 2209 quae
646 2156 750 2196 illud
782 2156 1030 2209 praecedere
1065 2156 1276 2202 solebant,
1326 2154 1472 2195 deinde
1506 2154 1546 2193 111
1581 2167 1615 2193 v.
1650 2158 1701 2193 :232
1737 2152 1911 2193 abstulit

281 2228 331 2268 ad
365 2228 556 2280 rapinam
589 2229 731 2268 fictam
764 2238 896 2267 novae
930 2227 1086 2279 nuptae
1112 2226 1313 2265 Romanis
1347 2225 1550 2265 usitatam
1584 2223 1723 2271 refert,
1756 2223 1804 2263 de
1829 2235 1909 2275 quo

281 2299 368 2339 1000
403 2311 529 2351 supra
563 2312 599 2352 p.
636 2304 687 2340 55
723 2298 884 2338 dictum
918 2300 1001 2344 est3
1035 2299 1127 2337 tum
1166 2287 1400 2358 ‘tradendi’
1437 2295 1689 2335 vocabulum
1722 2294 1762 2333 111
1796 2306 1830 2333 v.
1857 2298 1909 2335 60

282 2369 330 2410 de
364 2370 622 2422 coemptione
657 2381 830 2409 romana
862 2369 1177 2421 interpretatur,
1221 2379 1303 2419 qua
1339 2379 1438 2407 uxor
1470 2366 1622 2406 marito
1656 2366 1697 2405 in
1729 2376 1904 2405 manum

283 2440 501 2489 convenit3
537 2439 715 2491 denique
748 2439 791 2478 111
824 2451 859 2478 v.
894 2443 946 2479 65
982 2437 1031 2478 de
1065 2437 1160 2477 dote
1194 2438 1363 2477 tantum
1396 2447 1569 2476 romana
1602 2435 1772 2487 cogitat.

401 2508 509 2559 Quid
545 2511 671 2562 ergo?
721 2521 828 2562 quae
862 2509 1045 2549 romanis
1080 2508 1293 2548 vocabulis
1327 2507 1636 2559 significantur,
1678 2505 1829 2546 idcirco
1863 2517 1911 2546 ea

283 2581 569 2620 Romanorum
609 2580 775 2633 propria
817 2580 969 2620 erant?
1011 2591 1180 2632 prorsus
1227 2578 1398 2619 eaedem
1439 2590 1504 2618 res
1553 2578 1655 2617 item
1697 2575 1749 2616 ad
1783 2574 1912 2617 Grae-

283 2663 426 2691 corum
468 2651 817 2691 consuetudinem
849 2651 1064 2704 pertinent
1096 2651 1225 2701 atque-
1259 2649 1452 2689 Reiniani
1484 2648 1578 2689 libri
1618 2648 1706 2688 loco
1740 2646 1789 2687 de
1822 2646 1910 2687 iure

282 2721 456 2774 privato,
491 2721 699 2773 siquidem
732 2733 835 2774 opus
870 2733 960 2761 esse
994 2720 1225 2768 videbatur,
1258 2719 1494 2759 laudandus
1528 2721 1619 2759 erat
1653 2717 1695 2758 C.
1719 2716 1783 2756 Fr.
1805 2716 1912 2756 Her-

283 2791 427 2831 manni
459 2791 563 2832 liber
596 2792 644 2832 de
679 2791 1005 2844 antiquitatibus
1049 2791 1237 2844 privatae
1273 2789 1529 2830 Graecorum
1561 2788 1691 2836 vitae,
1731 2786 1910 2828 maxime
