2013 3223
980 131 1188 190 *ΑΕΒ*

269 262 482 303 ordinibus
530 259 797 312 interpretati
846 258 956 297 sunt.
1027 256 1169 296 Potior
1224 256 1321 296 hinc
1378 255 1467 295 eius
1522 255 1681 307 figurae
1739 255 1896 309 species

294 321 600 385 quadraturae'
636 329 815 377 nomine,
847 329 896 367 ut
928 327 995 367 est
1028 326 1139 379 apud
1180 325 1382 374 Nonium,
1423 325 1625 378 appellari
1664 326 1822 378 potuit,
1864 325 1899 366 si

269 379 434 443 inedius
469 401 556 440 eius
590 399 747 451 figurae
790 398 905 438 locus
948 397 1094 449 utpote
1136 396 1325 437 inclusus
1363 395 1405 435 in
1448 396 1729 449 appellatione
1770 396 1899 436 totius

271 472 430 525 figurae
465 470 752 511 omittebatur.
815 468 907 508 Iam
941 467 975 507 si
1016 467 1153 520 spatia
1195 466 1402 519 quaedam
1445 466 1652 518 quadrata
1688 466 1900 520 parietum

271 540 589 592 circumscripta
622 540 733 586 sunt,
768 550 947 590 quorum
986 537 1027 577 in
1069 537 1208 578 media
1248 539 1367 590 parte
1409 537 1575 589 pictura
1617 537 1758 589 aliqua
1798 538 1900 585 erat,

272 625 319 654 ea
354 625 376 652 a
410 610 655 663 quincuncis
689 608 963 649 similitudine
1001 601 1157 669 ‘antes'
1194 607 1402 648 nominari
1444 609 1650 660 poterant.
1714 606 1901 658 Cogitari

270 684 399 735 igitur
431 681 555 722 debet
587 680 636 720 de
669 679 746 720 tali
779 679 918 731 aliquo
953 678 1087 731 spatio
1120 679 1194 731 (=
1227 678 1461 731 germanice
1489 676 1625 729 Feld),
1657 678 1699 717 in
1733 690 1814 730 quo
1848 677 1902 718 si-

270 753 510 794 mulacrum
541 750 708 791 Amoris
740 750 903 803 pictum
935 750 1035 790 erat.

390 822 439 863 Id
481 821 732 862 vocabulum
780 822 927 873 postea
976 821 1025 860 ut
1067 819 1252 872 priscum
1294 819 1335 859 in
1377 818 1699 859 desuetudinem
1740 818 1902 859 venisse

272 893 475 946 suspicari
515 892 636 939 licet;
687 903 823 943 neque
866 902 962 931 vero
1010 890 1087 930 hoc
1135 891 1210 929 aut
1257 889 1371 929 aliud
1419 889 1508 929 eius
1557 889 1617 929 rei
1663 901 1814 930 nomen
1861 889 1904 929 in

269 963 488 1005 Bliimneri
519 962 794 1014 technologia‚
830 974 958 1014 quam
991 960 1273 1009 consulebam,
1305 960 1491 1001 invenire
1514 961 1645 1013 potui,
1667 961 1716 1000 ut
1742 959 1903 1001 nescire

271 1048 338 1075 me
372 1034 518 1082 fatear,
552 1045 633 1085 quo
665 1032 834 1073 nomine
867 1032 1070 1080 Romani,
1113 1031 1321 1083 siquidem
1361 1031 1579 1084 proprium
1621 1030 1791 1083 aliquod
1834 1029 1905 1070 ad-

271 1105 485 1152 hibebant,
518 1103 602 1144 tale
638 1103 824 1156 spatium
856 1102 1018 1155 pictum
1052 1101 1355 1155 appellaverint
1386 1101 1469 1141 nisi
1500 1101 1578 1142 hoc
1610 1100 1860 1142 Catulliano.

392 1174 509 1225 Quae
543 1174 592 1214 de
625 1174 790 1227 pictura
822 1173 1111 1213 Romanorum
1143 1185 1277 1224 usque
1322 1172 1373 1213 ad
1415 1172 1609 1214 Caesaris
1651 1172 1907 1213 dictaturam

272 1246 431 1287 tradita
464 1246 575 1293 sunt,
609 1257 657 1285 ea
690 1244 858 1296 collegit
889 1243 1059 1285 Urlichs
1101 1244 1140 1282 8.
1173 1242 1321 1295 Proqr.
1363 1255 1442 1283 zur
1474 1241 1797 1295 Stiftmzysfeier
1837 1242 1907 1283 des

271 1330 306 1357 v.
363 1314 678 1368 PVaynersclzen
726 1313 1076 1354 szstinstituts.
1158 1311 1398 1365 Wz'imbury
1450 1317 1574 1355 1876.
1645 1313 1688 1354 Is
1738 1313 1906 1354 libellus

272 1388 377 1428 mihi
417 1400 502 1428 non
544 1388 711 1440 praesto
757 1387 843 1433 est;
886 1385 959 1426 sed
1001 1385 1050 1426 de
1092 1385 1268 1438 picturis
1311 1385 1523 1438 parietum
1562 1384 1907 1425 commemoravit

271 1457 543 1499 Friedlander
573 1457 618 1497 Ι6
658 1470 695 1509 p.
730 1461 835 1506 481,
869 1468 1049 1508 quarum
1082 1467 1235 1508 genera
1268 1455 1505 1496 accuratius
1546 1456 1794 1508 persecutus
1840 1455 1904 1496 est

275 1530 325 1569 K.
362 1529 520 1570 Zacher
553 1527 608 1568 N.
634 1526 786 1568 Jahrb.
813 1533 891 1568 121
928 1540 965 1580 p.
990 1530 1072 1568 588
1087 1538 1145 1578 sq.
1195 1527 1255 1567 Ac
1286 1526 1372 1566 iam
1396 1525 1553 1567 Catulli
1586 1527 1725 1567 aetate
1748 1526 1906 1566 Romae

274 1600 383 1640 tales
425 1599 637 1652 parietum
677 1598 863 1651 picturas
904 1596 1032 1638 fuisse
1076 1597 1175 1649 quin
1217 1596 1258 1636 id
1297 1609 1370 1649 pro
1413 1598 1623 1649 comperto
1664 1596 1908 1645 habeamus,

275 1682 352 1710 nos
400 1682 483 1710 non
532 1669 677 1709 sinunt
725 1668 916 1708 dubitare
966 1679 1013 1707 ea
1063 1679 1169 1719 quae
1220 1680 1253 1707 V.
1302 1666 1479 1707 Rhoden
1535 1667 1578 1707 in
1625 1666 1908 1707 Baumeisteri

275 1738 454 1781 Denkm.
488 1753 525 1793 p.
560 1743 643 1781 878
657 1751 716 1791 sq.
751 1737 994 1791 composuit.

394 1810 535 1851 Minus
584 1811 727 1850 autem
773 1809 912 1862 placet
960 1808 1144 1861 cogitare
1186 1808 1236 1848 de
1276 1808 1442 1849 Amoris
1485 1809 1628 1849 statua
1668 1808 1711 1848 in
1757 1807 1907 1848 ianuae

278 1882 413 1922 altera
449 1873 591 1943 ‘anta’
627 1880 775 1933 posita,
809 1879 857 1920 de
892 1892 972 1931 quo
996 1879 1196 1920 vocabulo
1219 1879 1311 1920 vide
1335 1891 1395 1928 ea,
1429 1891 1534 1931 quae
1557 1879 1601 1919 F.
1623 1878 1706 1919 Leo
1729 1876 1909 1918 Hermes

279 1958 390 1995 1883
424 1965 462 2006 p.
497 1955 652 2003 583sq.
685 1950 896 1991 disseruit.

512 2021 641 2062 Nunc
673 2020 726 2061 ab
758 2020 951 2072 auspicio
983 2019 1085 2060 bono
1108 2019 1290 2071 profecti

513 2091 686 2133 Mutm's
718 2091 880 2132 (minus
911 2093 1059 2131 amant
1092 2092 1304 2130 amam‘m.

299 2155 445 2205 Nunc'
480 2163 622 2216 igitur,
656 2162 768 2215 quod
799 2162 991 2203 nonnulli
1029 2174 1103 2214 per
1145 2161 1412 2214 desperatam
1453 2160 1667 2213 quandam
1707 2160 1910 2213 interpre-

276 2235 481 2276 tationem
513 2233 665 2275 acriter
698 2233 940 2287 oppositum
971 2233 1180 2286 putabant
1212 2232 1345 2272 statui
1377 2232 1425 2275 ei
1459 2231 1531 2283 qui
1590 2222 1704 2271 ante'
1748 2230 1909 2280 fuisset,

280 2306 331 2346 ad
390 2306 548 2346 bonum
582 2295 836 2357 auspicium'
879 2302 1148 2344 referendum
1187 2303 1271 2352 est,
1315 2302 1425 2355 quod
1465 2302 1701 2343 amantium
1741 2301 1909 2353 utrique

280 2377 331 2417 ab
365 2375 512 2417 eadem
543 2378 662 2428 parte
696 2374 842 2415 eodem
874 2374 996 2415 modo
1031 2373 1181 2415 accidit
1203 2375 1245 2414 et
1291 2365 1511 2414 mutuum'
1544 2384 1729 2413 amorem
1751 2371 1910 2413 adnuit.

402 2445 484 2487 Sed
526 2458 600 2486 cur
649 2445 848 2486 Schwabe
890 2445 932 2485 in
973 2444 1252 2497 recognitione
1292 2456 1369 2484 sua
1409 2444 1596 2485 omiserit
1644 2442 1911 2484 artificiosam

280 2517 406 2557 huius
430 2516 630 2570 poematii
652 2516 967 2569 dispositionem
989 2515 1090 2568 ipsis
1124 2515 1254 2556 oculis
1288 2515 1487 2564 subicere,
1520 2513 1714 2567 equidem
1744 2526 1827 2554 non
1849 2512 1912 2554 in-

281 2587 435 2639 tellego
468 2588 516 2627 ut
548 2587 590 2627 in
623 2599 667 2627 re
700 2588 790 2627 tam
813 2588 959 2640 aperta
982 2587 1024 2627 et
1052 2585 1243 2627 consulto
1266 2584 1424 2626 effecta.
1474 2584 1638 2626 Addere
1659 2585 1727 2625 hic
1745 2584 1847 2625 libet
1862 2596 1911 2625 ea

282 2668 390 2710 quae
422 2657 656 2698 rectissime
689 2669 785 2697 cum
817 2658 923 2698 bono
957 2669 1083 2698 sensu
1116 2656 1353 2697 observavit
1385 2655 1428 2697 C
1458 2655 1504 2696 P.
1528 2655 1704 2697 Schulze
1736 2655 1779 2695 in
1812 2654 1909 2696 diss.

282 2727 421 2780 inaug.
454 2740 492 2780 p.
527 2732 594 2776 23,
626 2727 811 2780 primum
842 2728 920 2769 hoc
952 2739 1121 2768 carmen
1179 2738 1227 2767 ex
1269 2725 1428 2767 Graeco
1470 2726 1583 2767 fonte
1616 2716 1806 2766 fluxisse'
1820 2756 1829 2774 ‚
1868 2725 1911 2766 id

283 2809 483 2851 apparere
516 2809 564 2838 ex
608 2800 695 2838 arte
737 2798 1042 2852 dispositionis3
1084 2796 1231 2838 deinde
1299 2809 1347 2837 ex
1387 2796 1519 2838 doctis
1562 2796 1644 2837 illis
1684 2785 1894 2837 formulis'
1901 2826 1911 2845 ,
