2013 3223
1052 131 1134 168 152

285 256 368 298 Sed
399 256 441 297 id
474 256 729 309 significasse
764 256 867 296 satis
899 256 1044 296 habeo.
1105 255 1224 296 Addo
1256 255 1299 295 in
1323 254 1481 296 Catulli
1513 267 1546 295 c.
1577 254 1716 295 LXVI
1740 260 1789 296 51
1820 255 1913 317 tab·

282 318 451 368 ductae'
485 339 568 367 non
601 327 844 379 genetivum
877 338 967 367 esse
1010 325 1140 379 (quod
1171 325 1388 366 Baehrens
1429 326 1553 378 putat
1593 338 1632 378 p.
1673 325 1796 378 470),
1839 325 1911 366 sed

279 398 599 439 nominativum.
659 396 710 437 Id
743 396 855 437 enim
886 396 1111 449 praevalet,
1146 408 1169 436 a
1203 408 1284 448 quo
1318 395 1417 448 quid
1441 395 1685 436 abiunctum
1708 397 1793 443 est;
1828 408 1911 448 qua

284 468 333 509 de
367 480 495 509 causa
526 480 608 508 non
651 467 773 508 aliter
814 468 941 519 atque
982 466 1093 520 apud
1135 466 1359 508 Caesarem
1399 467 1437 507 b.
1479 479 1516 519 g.
1554 465 1639 506 VH
1679 471 1732 507 56
1779 466 1910 527 ι(111011

282 538 478 579 abiuncto
512 538 552 591 (i.
586 550 619 578 6.
653 550 677 578 a
717 550 760 578 se
792 556 849 572 =
888 537 1084 590 Caesare)
1123 537 1306 578 Labieno
1339 537 1459 578 valde
1492 528 1711 585 timebat'‚
1752 536 1821 577 1116
1861 536 1912 577 de

282 608 489 649 abiunctis
523 608 651 649 comis
685 608 895 649 sororibus
927 608 970 648 in
1004 607 1139 660 capite
1172 607 1489 648 remanentibus
1532 619 1628 648 cum
1659 607 1808 648 Rieseo
1851 606 1912 648 ita

279 679 609 731 intellegendum
644 680 718 728 est,
750 680 800 719 ut
832 678 902 719 ille
935 677 1162 730 nzdwiaog
1194 678 1236 718 in
1268 678 1506 718 narratione
1541 689 1617 717 sua
1641 689 1683 718 se
1716 677 1804 730 ipse
1837 690 1913 731 pro

280 749 439 802 potiore
473 761 687 790 comarum
719 751 839 802 parte
871 749 1040 798 habeat,
1074 761 1095 788 a
1131 760 1211 801 qua
1243 749 1429 801 reliquae
1464 748 1684 789 abiunctae
1720 748 1816 788 sint.

399 889 538 930 Versu
571 894 625 932 46
661 891 703 931 et
735 890 1009 942 sequentibus
1042 890 1233 931 invocato
1267 891 1391 930 antea
1423 889 1666 942 Hymenaeo
1698 888 1784 928 iam
1807 887 1914 929 6616-

282 960 430 1001 bratur
461 960 556 1001 laus
590 960 679 1001 eius
711 960 783 1010 ita,
815 962 863 1001 ut
896 960 1126 1001 auctoritas
1171 962 1212 1001 et
1251 961 1440 1013 potestas
1483 971 1566 1012 qua
1606 959 1720 999 valet
1762 958 1914 1012 amplis

280 1031 418 1072 verbis
451 1030 725 1072 describatur.
787 1032 847 1072 Ac
880 1031 1111 1072 secundum
1145 1030 1305 1072 codices
1338 1031 1441 1071 haec
1474 1030 1574 1071 dicit
1607 1029 1822 1071 Catullus:

521 1101 629 1153 Quis
661 1101 764 1142 (Zeus
793 1101 930 1153 mrayis
963 1100 1118 1141 aveatis

577 1171 657 1212 Est
683 1171 890 1223 petendus
921 1170 1196 1212 amantibus?

281 1241 337 1282 Et
369 1242 568 1294 quoniam
600 1243 642 1283 in
674 1243 753 1283 hoc
784 1243 873 1283 loco
906 1255 983 1283 nec
1014 1255 1088 1295 per
1119 1254 1317 1283 numeros
1350 1254 1427 1283 nec
1458 1254 1532 1295 per
1553 1242 1767 1282 notionem
1799 1241 1913 1282 vocis

282 1312 439 1353 amatis
472 1314 584 1354 stare
616 1315 768 1367 potest,
801 1313 945 1354 decem
976 1313 1061 1354 fere
1094 1313 1205 1354 facta
1238 1315 1337 1354 sunt
1375 1313 1609 1354 tentamina
1651 1312 1703 1353 ad
1744 1324 1914 1353 versum

283 1395 539 1436 sensumque
572 1384 919 1438 recuperandum.
981 1386 1120 1436 Atque
1155 1384 1418 1436 acquiescere
1452 1383 1649 1424 videntur
1689 1396 1802 1424 nunc
1841 1383 1914 1423 ho-

282 1454 418 1495 mines
452 1454 564 1495 docti
597 1455 662 1496 vel
694 1456 736 1495 in
768 1455 938 1508 Bergkii
970 1456 1139 1496 invento
1172 1455 1276 1496 hoc:

522 1525 629 1577 Quis
660 1526 762 1566 (Zeus
792 1526 930 1578 magis
961 1529 1020 1566 cst
1052 1539 1171 1566 ama-

581 1596 635 1637 tis
660 1596 870 1648 petendus
903 1595 1184 1637 micantibus?

284 1666 395 1719 quod
429 1666 625 1708 Schwabe
658 1668 855 1721 reposuit,
888 1668 953 1708 vel
985 1668 1026 1707 in
1060 1667 1301 1720 Hauptiano
1334 1668 1414 1720 (op.
1445 1667 1466 1707 I
1497 1680 1535 1720 p.
1572 1671 1665 1707 16-
1690 1665 1760 1719 18)

521 1738 616 1789 quis
649 1737 751 1778 deus
782 1738 919 1790 mayis
951 1737 1098 1778 consciis

581 1807 661 1848 Est
687 1808 896 1860 petendus
928 1807 1204 1848 anmntibns?

287 1878 397 1931 quod
429 1879 477 1919 B.
513 1879 705 1920 Schmidt
737 1879 1033 1932 comprobavit.

401 1951 462 1991 Ac
495 1949 543 1990 de
576 1950 649 1990 illa
681 1950 919 1991 coniectura
953 1962 1052 1990 sane
1084 1949 1186 1990 fides
1218 1949 1411 1990 habenda
1444 1951 1507 1990 est
1528 1948 1785 1990 Baehrensio
1819 1961 1915 1989 cum

284 2020 384 2061 dicit
415 2033 452 2073 p.
495 2026 576 2062 301
616 2022 792 2082 ι66116111
824 2020 1050 2062 formulam
1083 2032 1255 2069 „amare
1298 2020 1428 2061 amari
1445 2024 1465 2041 ‘⁶
1507 2019 1636 2073 (XLV
1680 2019 1751 2073 20)
1791 2031 1916 2060 nemo

283 2091 572 2132 Romanorum
604 2092 664 2132 ita
696 2091 876 2141 deflexit,
908 2093 957 2132 ut
989 2092 1145 2132 diceret
1177 2123 1197 2140 ,‚
1212 2092 1340 2131 amati
1375 2093 1598 2131 amantes“
1643 2081 1912 2131 similite1·ve.'

286 2160 368 2202 Sed
402 2161 450 2202 de
484 2162 619 2203 altera
651 2163 890 2203 coniectura
922 2163 979 2203 M.
1010 2162 1187 2215 Hauptii
1228 2162 1312 2202 iam
1346 2161 1394 2203 G.
1427 2161 1698 2202 Hei-mannus
1737 2161 1780 2201 in
1820 2173 1916 2202 cen-

286 2244 384 2272 sura
435 2233 731 2284 quaestionum
781 2232 1119 2274 Catullianarum
1175 2231 1336 2285 (Jalms
1377 2231 1553 2273 Jahrbb.
1605 2231 1740 2273 XXII.
1790 2236 1915 2273 1838.

282 2315 322 2356 p.
357 2303 457 2356 306)
491 2303 710 2344 dubitavit.
772 2304 834 2344 Ea
867 2304 977 2344 enim
1011 2303 1209 2352 anxietas,
1243 2303 1389 2355 quoin
1411 2303 1610 2344 vocabulo
1633 2315 1715 2344 non
1747 2304 1916 2344 tantum

284 2373 396 2414 inest
434 2374 697 2427 cupiditatis,
747 2374 819 2415 sed
859 2387 1024 2427 semper
1065 2374 1358 2415 sollicitudinis
1402 2374 1622 2415 cuiusdam
1661 2374 1777 2414 notio
1817 2373 1918 2414 huic

284 2444 374 2485 loco
406 2457 486 2485 non
522 2447 586 2486 est
619 2447 740 2498 apta;
774 2445 883 2486 dmm
905 2445 1030 2486 anxii
1053 2447 1244 2485 amantes
1279 2445 1571 2498 —inquit—
1602 2444 1783 2485 lco‘nnten
1815 2442 1918 2484 doch

284 2528 371 2554 mor
411 2514 478 2556 die
523 2519 712 2567 yenannt
757 2516 949 2566 werden,
998 2516 1065 2557 die
1112 2516 1317 2556 entmeder
1365 2516 1432 2557 die
1480 2514 1796 2568 Einwilliyuny
1843 2514 1918 2555 der

284 2584 439 2625 Eltern
469 2599 547 2627 zur
564 2586 657 2627 Ehe
687 2586 802 2628 nicht
823 2600 877 2627 zu
898 2586 1097 2637 erhalten,
1130 2586 1227 2627 oder
1261 2586 1339 2627 das
1355 2584 1579 2638 Auflzbren
1602 2585 1675 2626 der
1695 2585 1822 2626 Liebe
1853 2584 1917 2625 bei

285 2654 480 2708 Ζίίηρενθν
512 2656 744 2710 Ζόῃσντιηρ,
777 2658 876 2698 oder
905 2661 1019 2699 sonet
1049 2658 1119 2698 ein
1141 2657 1405 2698 Hinderniss
1429 2656 1716 2709 befilrchteten,
1748 2654 1918 2697 welches

285 2725 392 2767 alles
423 2730 502 2778 aus
534 2727 611 2768 das
642 2741 686 2768 so
717 2728 848 2769 heitar
879 2728 1148 2781 yesclzfilderte
1190 2727 1455 2769 Verhc'ilmiss
1487 2727 1557 2769 des
1587 2726 1788 2768 Blanlius
1825 2725 1918 2766 und

285 2796 427 2838 seiner
457 2797 605 2839 Rraut
637 2799 758 2840 lmine
790 2799 1072 2852 Ameendzmy
1105 2799 1237 2840 laidet.
1292 2799 1517 2840 Desiderat
1547 2799 1676 2851 igitur
1708 2798 1770 2839 vir
1803 2809 1918 2838 sum-
