2013 3223
805 204 836 206 „
872 151 923 187 37

99 277 209 332 apud
241 276 433 318 Ovidium
471 274 515 314 in
552 275 650 314 met.
682 272 743 313 VI
784 279 863 315 237
913 272 1004 323 ille,
1045 275 1093 313 ut
1131 274 1221 313 erat
1253 283 1437 323 pronus,
1478 282 1553 321 per
1599 268 1706 309 colla

99 346 285 387 admissa
330 344 530 396 iubasque
574 342 754 384 volvitur
801 356 854 384 sc.
902 344 1009 396 equi.
1081 343 1191 383 Nam
1239 354 1360 383 casus
1407 341 1477 381 ille
1525 352 1548 380 a
1593 340 1705 393 prin-

98 417 200 470 cipio
242 428 324 456 non
361 417 450 455 tam
489 414 540 454 ad
577 414 908 454 instrumentum
947 413 1131 467 pertinet
1171 424 1251 464 quo
1284 411 1384 464 quid
1424 410 1582 463 agitur,
1631 409 1704 450 sed

95 487 232 540 potius
273 485 324 526 ad
364 497 429 525 res
469 484 534 524 vel
573 495 792 536 personaS,
837 496 942 536 quae
973 483 1210 524 necessaria
1243 482 1384 534 aliqua
1416 480 1704 521 communione

94 558 282 604 naturae,
311 555 449 603 moriS,
472 553 783 594 consuetudinis
806 566 901 594 cum
923 554 1095 603 actione,
1119 565 1226 605 quae
1249 551 1428 600 additur,
1461 551 1703 591 coniunctae

96 627 341 673 cernuntur,
382 637 509 677 quam
553 623 721 676 quidem
763 624 1071 665 distinctionem
1103 623 1236 671 scioli,
1278 622 1379 662 dum
1414 611 1699 684 <sociativum'

96 709 239 738 casum
272 695 501 748 appellant,
541 706 661 747 saepe
696 694 864 746 quidem
894 695 1054 735 iactant
1083 693 1263 734 maxime
1294 693 1337 733 in
1368 691 1512 743 lingua
1544 701 1703 743 graeca,

95 779 176 807 non
208 768 350 806 tamen
390 766 433 805 in
464 765 596 805 latina
629 765 872 818 explicanda
904 765 990 805 ullo
1021 764 1143 805 modo
1174 763 1481 817 proposuerunt
1514 762 1598 802 sive
1633 760 1703 801 ad-

95 837 340 884 hibuerunt,
373 836 471 887 quia
502 835 683 876 rationes
717 836 805 876 eius
838 847 959 876 casus
991 835 1101 875 male
1134 834 1322 886 cognitas
1355 832 1464 886 apud
1496 833 1703 872 Romanos

96 907 273 960 reperire
305 917 514 957 nusquam
546 907 785 958 potuerunt.

210 976 273 1016 Ab
307 987 354 1016 ea
384 976 508 1015 huius
540 987 660 1016 casus
692 976 858 1015 notione
891 987 1023 1015 unum
1053 973 1289 1027 profectum
1321 975 1388 1014 est
1426 985 1526 1013 usus
1560 983 1702 1025 genus,

92 1057 289 1098 persaepe
322 1057 404 1085 non
435 1045 696 1085 intellectum
729 1047 802 1085 aut
823 1057 905 1085 non
928 1044 1130 1096 agnitum,
1164 1043 1273 1096 quod
1304 1044 1464 1096 primus
1498 1043 1704 1094 quantum

93 1115 176 1155 scio
207 1115 269 1154 vir
300 1127 488 1155 summus
511 1114 691 1166 Madvig,
723 1114 795 1155 sed
816 1115 940 1155 nimis
974 1116 1151 1166 anguste
1175 1113 1360 1154 definivit
1390 1112 1485 1153 Lat.
1521 1110 1703 1164 Sprach-

94 1183 233 1225 lehre³
258 1185 280 1236 ξ
305 1189 413 1226 2730
441 1186 483 1225 et
503 1185 525 1236 ξ
548 1190 641 1226 274.
686 1185 734 1225 Id
764 1186 874 1226 enim
906 1175 1118 1246 ‘ablativi'
1152 1196 1283 1236 genus
1308 1184 1490 1237 pertinet
1523 1183 1573 1223 ad
1607 1195 1704 1223 eum

91 1255 229 1296 locum
252 1255 336 1296 sive
367 1255 408 1295 id
431 1256 624 1308 spatium,
656 1267 729 1308 per
752 1255 861 1308 quod
893 1254 1043 1295 diffusa
1075 1255 1158 1295 sive
1183 1254 1456 1306 aequabiliter
1481 1265 1701 1306 permeans

95 1325 201 1366 actio
240 1325 380 1377 aliqua
425 1325 483 1365 fit.
559 1325 661 1366 Inde
710 1326 760 1366 ab
810 1326 887 1366 hoc
937 1326 1022 1366 viro
1066 1326 1286 1378 exceptum
1333 1325 1704 1377 comprobaverunt

93 1395 181 1444 alii,
223 1395 294 1436 sed
334 1396 529 1448 perpauci
572 1398 841 1449 praeceptum
884 1395 989 1436 illud
1021 1395 1345 1448 grammaticum
1376 1395 1418 1434 in
1452 1395 1702 1447 scriptorum

92 1465 276 1506 oratione
317 1466 631 1518 interpretanda
662 1468 910 1515 tenuerunt,
953 1467 1019 1507 cui
1053 1465 1154 1506 adeo
1187 1478 1270 1505 non
1301 1464 1485 1506 fidebant
1514 1464 1702 1505 homines

91 1536 215 1576 multi
247 1538 288 1576 et
318 1536 540 1585 increduli,
582 1537 652 1589 qui
684 1537 725 1577 in
759 1537 883 1577 rebus
916 1537 1204 1589 grammaticis
1238 1548 1361 1589 saepe
1393 1535 1702 1576 incredibilibus

93 1609 134 1647 et
179 1606 336 1647 insanis
382 1606 538 1658 regulis
580 1606 704 1647 fidem
744 1607 974 1656 habebant,
1023 1611 1070 1646 ut
1116 1607 1362 1660 plerumque
1401 1605 1703 1658 neglegeretur.

93 1675 212 1726 Quod
245 1676 447 1728 quomodo
480 1689 576 1717 cum
607 1677 780 1729 reliquis
823 1669 1029 1739 ‘ablativi'
1064 1677 1301 1718 notionibus
1335 1676 1602 1717 coniunctum
1637 1675 1702 1724 sit,

94 1747 258 1787 omnino
289 1748 337 1786 ut
368 1746 477 1799 apud
509 1747 563 1786 M.
598 1746 787 1799 Seyfferti
832 1748 1011 1788 asseclas
1043 1748 1120 1788 viri
1151 1747 1434 1788 honestissimi
1465 1746 1702 1799 optimeque

93 1815 142 1856 de
174 1816 434 1856 institutione
468 1817 617 1869 puerili
649 1817 789 1857 meriti
822 1820 896 1857 aut
936 1818 978 1857 in
1011 1818 1185 1858 obscuro
1217 1817 1470 1869 relinquitur
1503 1818 1578 1856 aut
1608 1828 1700 1868 per-

94 1897 209 1926 verse
243 1886 485 1938 explicatur.
548 1886 656 1936 Quid
700 1887 809 1939 quod
851 1888 1118 1940 subiungitur
1159 1899 1207 1928 ea
1246 1888 1412 1939 linguae
1446 1885 1702 1927 consuetudo

94 1956 217 2008 capiti
256 1957 379 2005 miro,
428 1957 535 2008 quod
578 1956 764 2009 Draeger
804 1957 830 1997 l.
868 1970 897 1998 c.
935 1957 988 1997 1²
1027 1971 1064 2010 p.
1099 1963 1179 1998 519
1213 1956 1438 1997 Ablativus
1477 1956 1549 1996 der
1585 1954 1700 1997 Orts-

91 2024 195 2065 rahe
225 2026 455 2079 inscripsit,
495 2027 536 2066 in
579 2039 658 2079 quo
701 2028 860 2068 semina
899 2041 981 2068 non
1020 2028 1123 2069 bene
1155 2028 1394 2068 iunctarum
1436 2039 1576 2068 rerum
1608 2039 1702 2067 con-

88 2098 211 2148 gesta
242 2097 397 2145 iacent,
444 2110 520 2137 nec
551 2098 706 2138 rectius
739 2097 938 2139 Kuehner
977 2098 1200 2139 laudabilis
1244 2098 1398 2150 alioqui
1430 2098 1531 2138 artis
1565 2109 1701 2150 gram-

90 2167 268 2207 maticae
311 2170 454 2208 auctor
486 2180 578 2208 eam
609 2169 808 2209 tracta-vit
839 2169 864 2209 l.
898 2182 929 2210 c.
962 2182 999 2222 p.
1032 2174 1136 2217 259,
1179 2169 1375 2221 quoniam
1407 2169 1540 2209 multo
1572 2168 1699 2208 latius

93 2249 218 2288 quam
258 2237 325 2278 hic
365 2238 557 2290 opinatur
594 2239 629 2279 is
669 2239 784 2280 locus
827 2242 945 2292 patet
987 2243 1029 2280 et
1066 2252 1113 2280 ex
1157 2240 1248 2280 aliis
1289 2239 1500 2292 principiis
1533 2239 1700 2279 initium

91 2307 218 2348 habet
264 2310 390 2360 atque
435 2309 584 2360 quibus
632 2309 719 2362 ipse
766 2311 911 2350 utitur.
975 2310 1234 2362 Omninoque
1273 2311 1316 2350 in
1362 2322 1528 2351 summa
1574 2310 1698 2350 huius

91 2378 220 2419 totius
252 2379 330 2419 loci
361 2380 635 2431 grammatici,
669 2381 739 2433 qui
773 2372 1020 2443 ‘ablativus'
1059 2383 1248 2429 vocatur,
1295 2393 1367 2434 per
1400 2381 1488 2421 eius
1521 2381 1698 2432 origines

90 2447 156 2497 fit,
196 2451 245 2489 ut
283 2462 365 2490 non
406 2450 541 2490 solum
573 2450 880 2492 diversissimae
922 2452 1111 2492 notiones
1152 2451 1299 2492 iisdem
1339 2451 1483 2492 formis
1516 2462 1700 2504 compre-

90 2518 338 2568 hendantur,
371 2519 442 2560 sed
475 2521 601 2561 etiam
633 2522 674 2561 in
707 2523 827 2562 tanta
849 2521 1111 2574 quarundam
1143 2523 1358 2563 notionum
1390 2522 1593 2562 affinitate
1616 2533 1698 2561 non

89 2589 211 2630 modo
255 2601 376 2643 saepe
417 2590 620 2632 dubitatio
661 2594 898 2641 moveatur,
947 2604 1053 2644 quae
1093 2593 1239 2645 cuique
1279 2593 1366 2633 loco
1410 2594 1508 2646 apta
1556 2593 1610 2633 sit
1651 2604 1699 2633 ex

89 2659 214 2701 huius
261 2673 382 2701 casus
430 2662 819 2714 significationibus,
867 2663 939 2704 sed
982 2663 1017 2703 si
1057 2664 1206 2704 acriter
1250 2676 1339 2704 rem
1379 2666 1591 2704 intuemur
1633 2663 1698 2703 vel

88 2731 348 2782 paucissimis
381 2734 548 2773 tantum
579 2733 678 2774 locis
710 2746 837 2774 unam
870 2734 1052 2786 aliquam
1087 2737 1130 2774 et
1161 2735 1416 2787 singularem
1448 2734 1576 2775 totius
1609 2734 1697 2775 eius

89 2813 192 2842 usus
224 2802 401 2855 speciem
434 2804 484 2844 ab
517 2804 608 2844 aliis
640 2804 863 2845 manifesto
896 2804 1128 2845 seiunctam
1161 2805 1345 2846 stabilire
1377 2805 1512 2846 liceat.
1573 2804 1698 2845 Prae—
