2013 3223
1038 125 1120 162 134
1152 181 1185 183 Α

270 249 469 290 Zeitschr.
488 249 516 302 f.
541 249 577 290 d.
601 247 904 301 Gymnasz'alw.
932 254 1042 291 1878
1070 248 1109 290 S.
1136 253 1244 296 5043
1268 249 1373 290 adde
1396 249 1643 290 Baehrensii
1675 251 1898 291 comment.

269 333 306 374 p.
339 326 423 362 468
438 333 498 372 sq.

388 390 436 430 Id
480 391 624 430 autem
666 389 866 441 temporis
899 389 1117 441 praeteriti
1149 401 1280 442 genus
1322 402 1418 430 cum
1452 402 1475 430 a
1509 391 1794 442 grammaticis
1826 403 1899 432 no-

271 461 474 501 stratibus
508 462 601 500 tum
634 460 684 500 ab
717 460 808 499 Em.
831 458 1084 500 Hoffmanno
1117 460 1159 500 in
1192 460 1295 501 libro
1329 460 1377 501 de
1412 460 1772 502 coniunctionibus
1793 463 1900 502 tem-

268 532 480 584 poralibus
525 531 678 583 scripto
720 530 845 582 vulgo
886 531 1052 571 nomine
1091 530 1283 592 (perfecti
1323 528 1576 584 praesentis'
1613 532 1697 572 sive
1735 525 1895 594 ‘logici'

269 602 506 654 appellatur
548 600 743 653 idemque
784 613 932 641 rursus
976 602 1141 654 saepius
1191 603 1342 642 vocant
1395 601 1648 662 tperfectum
1696 603 1899 644 aoristum

268 672 353 713 sive
387 663 669 712 historicum³.
735 671 816 713 Sed
848 672 890 711 in
924 672 1002 713 hac
1035 673 1125 712 tota
1158 672 1260 712 artis
1284 672 1584 724 grammaticae
1617 675 1736 725 parte
1769 673 1898 714 inter-

267 742 472 795 pretanda
512 744 601 783 tam
642 742 759 783 vanis
803 742 988 783 artificiis
1031 743 1292 795 argutiisque
1336 743 1577 783 scholastici
1610 745 1809 793 utuntur,
1849 745 1898 785 ut

268 813 347 866 ipsi
393 812 562 865 quidem
605 825 653 853 ea
692 825 843 866 parum
882 813 1186 862 intellexerint,
1235 825 1340 865 quae
1381 813 1482 854 alios
1525 813 1670 855 docere
1714 814 1897 855 student.

269 882 468 924 Ceterum
501 883 640 924 verius
675 885 716 924 et
750 883 981 937 simplicius
1014 883 1118 924 illud
1141 884 1342 937 temporis
1367 896 1499 936 genus
1524 884 1727 937 appellari
1750 884 1897 927 debere

270 966 290 994 e
315 954 495 995 slavicae
519 954 820 1007 grammaticae
854 954 1043 995 doctrina
1071 956 1428 1016 (momentaneam
1461 955 1667 996 actionem
1698 955 1897 1009 temporis

267 1017 504 1077 praeteriti’
541 1038 653 1066 nunc
684 1025 832 1066 leviter
866 1025 1122 1078 significasse
1157 1025 1259 1066 satis
1291 1025 1436 1066 habeo.
1499 1025 1616 1076 Quae
1639 1026 1825 1079 Draeger
1848 1025 1897 1068 de

268 1095 507 1148 temporum
549 1096 589 1136 vi
631 1096 840 1149 exposuit,
890 1109 938 1137 ea
981 1097 1120 1137 omnia
1160 1097 1255 1150 plus
1296 1097 1487 1138 minusve
1520 1097 1714 1137 laborant
1750 1096 1899 1138 iisdem

267 1165 461 1218 profusae
505 1167 771 1219 expositionis
814 1166 1108 1215 incommodis,
1159 1167 1311 1219 quibus
1351 1167 1477 1208 multi
1521 1168 1609 1208 eius
1652 1168 1786 1221 operis
1819 1167 1900 1209 loci

269 1238 608 1289 corrumpuntur.
670 1237 781 1278 Nam
815 1237 867 1277 ad
901 1238 1070 1278 altiores
1104 1238 1169 1278 vel
1201 1238 1307 1278 imas
1347 1238 1491 1290 legum
1523 1239 1899 1290 grammaticarum

269 1318 418 1347 causas
452 1308 762 1360 cognoscendas
806 1321 929 1362 saepe
972 1321 1055 1349 non
1087 1309 1344 1362 penetravit,
1385 1309 1577 1361 viresque
1620 1309 1708 1350 eius
1741 1309 1808 1350 vix
1838 1309 1900 1350 di-

267 1377 396 1418 midia
437 1391 585 1419 cursus
627 1380 746 1432 parte
789 1379 978 1420 confecta
1021 1379 1220 1420 deficiunt
1262 1380 1618 1432 acquiescuntque
1651 1380 1898 1433 plerumque

268 1447 311 1487 in
358 1449 510 1490 vilibus
559 1450 715 1502 regulis
760 1450 1047 1503 assequendis.
1109 1451 1262 1491 Melius
1306 1451 1409 1492 haec
1454 1451 1593 1491 omnia
1635 1450 1683 1491 de
1724 1450 1900 1504 perfecti

269 1519 467 1572 temporis
503 1520 611 1573 quod
636 1521 789 1562 dicitur
821 1521 1061 1562 notionibus
1095 1522 1286 1575 exposuit
1309 1521 1485 1562 Kiihner
1507 1522 1531 1562 1.
1555 1534 1586 1562 c.
1608 1520 1652 1561 II
1673 1534 1711 1574 p.
1731 1526 1784 1563 94
1797 1533 1898 1574 sqq„

269 1589 340 1629 sed
373 1590 407 1630 is
443 1603 607 1643 quoque
641 1592 764 1644 plura
796 1604 946 1645 parum
980 1592 1133 1632 acriter
1165 1592 1372 1633 discrevit.

385 1661 502 1702 Adde
537 1662 588 1702 ad
620 1663 697 1703 hoc
730 1663 881 1703 talium
913 1675 986 1715 per
1026 1654 1159 1718 ‘cum'
1196 1663 1305 1703 inter
1348 1675 1389 1704 se
1434 1663 1675 1704 iunctorum
1707 1663 1899 1704 enuntia-

268 1731 409 1771 torum
442 1744 574 1784 genus
609 1746 640 1774 c.
663 1733 803 1774 LXVI
827 1739 876 1774 21
895 1745 995 1785 sqq„
1031 1733 1081 1774 de
1106 1746 1184 1785 quo
1218 1733 1306 1774 loco
1340 1733 1448 1774 infra
1480 1747 1518 1787 p.
1544 1739 1625 1776 158
1641 1746 1700 1787 sq.
1725 1734 1896 1775 dicetur.

387 1873 706 1927 Componuntur
739 1875 868 1916 etiam
909 1875 1244 1916 diversorum
1277 1877 1572 1928 temporum
1604 1874 1784 1925 formae,
1825 1874 1898 1916 sed

270 1955 375 1996 quae
398 1945 611 1997 pertinent
635 1945 687 1986 ad
713 1946 902 1987 eiusdem
926 1946 1011 1986 sive
1035 1947 1212 1987 naturae
1237 1946 1322 1987 sive
1346 1946 1472 2000 spatii
1495 1947 1680 1987 actiones
1712 1946 1822 1987 inter
1854 1958 1897 1988 se

269 2015 523 2056 coniunctas.
587 2015 707 2067 Quod
739 2017 786 2057 fit
820 2017 1106 2070 compluribus
1139 2017 1250 2058 locis.
1313 2017 1373 2058 Ut
1405 2017 1446 2057 in
1480 2030 1512 2058 c.
1534 2016 1753 2058 LXXXVI
1778 2022 1896 2069 5sq.:

504 2086 660 2128 Lesbia
691 2086 877 2139 formosa
909 2090 978 2137 est,
1012 2101 1120 2139 quae
1153 2100 1247 2128 cum
1275 2086 1540 2139 pulcerrima
1572 2089 1657 2128 tota
1689 2089 1757 2137 est,

567 2157 675 2198 Tum
706 2158 897 2199 omnibus
928 2171 1020 2198 una
1052 2158 1187 2199 onmis
1217 2158 1435 2210 subripuit
1477 2158 1664 2199 Veneres.

268 2227 362 2277 Ubi,
394 2230 443 2269 ut
475 2241 521 2269 ea
557 2242 662 2282 quae
695 2230 742 2270 B.
778 2229 971 2271 Schmidt
1004 2230 1047 2270 in
1079 2230 1235 2283 proleg.
1268 2244 1305 2283 p.
1329 2230 1435 2270 VIII
1468 2230 1517 2271 de
1551 2230 1701 2271 Lesbia
1734 2242 1899 2283 compo-

269 2299 355 2339 suit
389 2312 723 2350 commemorem,
757 2301 861 2342 haec
886 2301 1028 2342 evadit
1061 2301 1272 2342 sententia
1304 2301 1501 2342 Lesbiam
1533 2313 1616 2342 non
1649 2301 1785 2342 solum
1817 2300 1898 2341 for-

267 2382 428 2411 mosam
463 2383 551 2412 esse
586 2372 850 2425 corporisque
874 2372 1102 2413 virtutibus
1137 2372 1421 2421 excellentem,
1456 2384 1562 2424 quae
1595 2372 1638 2413 in
1671 2372 1762 2412 aliis
1796 2384 1898 2424 quo-

270 2452 348 2492 que
381 2442 531 2494 puellis
566 2444 804 2491 cernantur,
838 2443 910 2484 sed
941 2444 1076 2483 totam
1108 2443 1448 2496 pulcherrimam,
1483 2443 1580 2495 quia
1613 2443 1763 2496 leporis
1797 2455 1898 2496 quo-

269 2523 348 2563 que
382 2511 713 2565 facetiarumque
747 2516 1016 2555 venustatem
1048 2514 1214 2555 habeat.
1277 2514 1393 2555 Adde
1428 2527 1459 2555 c.
1494 2514 1530 2554 V
1566 2519 1682 2566 5sq.:

505 2583 638 2624 Nobis
669 2597 763 2624 cum
794 2583 920 2625 semel
951 2584 1101 2626 occidit
1132 2584 1268 2625 brevis
1303 2584 1387 2634 lux,

504 2654 601 2694 Nox
633 2658 691 2695 cst
717 2658 926 2706 perpetua
957 2669 1047 2696 mm
1080 2655 1338 2696 dormienda.

269 2736 301 2764 c.
333 2724 451 2764 LXII
485 2730 551 2767 46.
586 2731 637 2767 57
682 2726 731 2767 cf.
765 2739 870 2779 quae
905 2739 1033 2780 supra
1066 2727 1281 2780 disputata
1324 2729 1423 2768 sunt
1456 2740 1493 2780 p.
1528 2732 1605 2774 77;
1646 2739 1677 2767 c.
1711 2725 1896 2766 LXVIII

272 2800 349 2835 121
364 2807 465 2847 sqq„
499 2808 530 2836 c.
564 2796 780 2837 LXXXIV
816 2803 936 2850 3sq.:
