2013 3223
814 117 947 177 „5³⁵

106 243 278 297 propter
318 241 568 282 inanitatem
609 241 698 281 eius
737 242 914 294 epitheti
955 254 979 282 a
1028 241 1290 283 Catullianae
1337 241 1528 283 dictionis
1574 243 1735 296 propri-

109 314 224 354 etate
264 324 434 366 prorsus
476 311 676 360 alienam,
725 311 823 363 quia
853 311 896 351 id
928 311 1041 352 omni
1071 312 1112 352 vi
1145 313 1278 361 caret,
1325 312 1369 352 in
1401 312 1489 353 eius
1523 313 1732 353 enuntiati

110 383 320 424 sententia
351 381 517 422 omnino
549 381 769 422 ferendum
800 394 883 422 non
916 394 1019 422 esse.
1083 381 1164 422 Sed
1196 382 1275 422 1100
1307 381 1484 423 fortasse
1516 382 1649 423 levius
1672 383 1733 423 vi-

108 453 260 494 deatur
291 453 327 493 si
360 452 432 504 qui
462 452 505 492 in
537 451 692 492 talibus
724 452 849 492 rebus
883 452 982 503 quid
1024 454 1172 505 poeta-e
1205 454 1533 493 consentaneum
1572 453 1627 493 sit
1659 454 1732 493 aut

109 523 210 576 quid
241 522 480 563 inauditum
513 521 719 562 securiore
753 521 937 574 quadam
968 523 1109 563 mente
1141 522 1341 562 iudicant.

170 593 174 595 ’
226 592 389 645 Nempe
428 592 528 644 quid
571 604 644 644 per
684 603 727 632 80
769 592 937 644 planius
983 593 1025 632 et
1057 592 1287 645 simplicius
1321 592 1401 633 dici
1432 594 1571 645 potest
1603 605 1732 645 quam

107 663 212 703 illud
243 663 437 713 carptum
465 660 611 711 florem
643 660 934 711 deflorescere?
996 664 1056 703 Ac
1087 664 1230 702 tamen
1262 674 1461 714 magnam
1492 663 1650 703 habent
1683 675 1732 704 ea

107 733 234 774 verba
267 732 500 773 sententiae
534 731 803 772 offensionem
843 732 886 772 in
919 744 964 772 eo
999 733 1070 784 qui
1101 732 1168 773 hic
1201 734 1266 772 est
1302 745 1446 773 rerum
1479 745 1657 781 conexu,
1697 734 1731 773 si

106 807 150 845 et
182 815 328 844 versus
354 803 580 854 insequens
613 803 656 842 et
687 802 1009 855 comparationis
1041 803 1102 842 vis
1136 802 1326 854 ratioque
1360 803 1651 856 inspiciuntur.

226 872 336 923 Quid
377 872 521 912 enim?
570 873 738 925 carptus
770 871 845 912 flos
879 873 1018 912 oculos
1058 874 1099 912 et
1131 885 1279 912 sensus
1319 885 1402 913 non
1444 873 1628 926 amplius
1661 873 1731 914 de-

105 943 239 984 lectat
289 942 539 996 possidentis
603 944 645 982 et
697 943 934 982 servantis?
1016 944 1072 982 At
1128 945 1248 1004 (puta
1299 942 1443 983 florem
1490 967 1546 972 -
1592 944 1730 996 inquit

106 1013 323 1054 Baehrens
357 1037 423 1060 —,
466 1024 591 1064 quem
625 1012 709 1052 13111
741 1012 891 1052 nolunt
921 1012 1040 1064 pueri
1071 1013 1332 1065 puellaeque,
1366 1013 1576 1053 abiectum
1608 1014 1731 1054 nimi-

106 1096 200 1124 rum
232 1084 274 1123 in
307 1085 420 1123 terra
451 1074 694 1122 iacentem’.
1523 1134 1528 1139 ι

225 1152 306 1193 Sed
352 1152 535 1193 inculcat
579 1164 627 1192 ea-
676 1152 892 1205 explicatio
946 1152 1059 1192 aliud
1101 1165 1276 1193 acumen
1327 1154 1559 1194 sententiae
1603 1156 1727 1206 atque

104 1224 326 1264 verborum
368 1222 465 1263 ordo
508 1224 549 1262 et
590 1222 651 1262 ris
690 1222 888 1263 concedit.
952 1222 1061 1263 Nam
1093 1223 1276 1276 primum
1310 1223 1379 1263 ubi
1413 1223 1462 1264 de
1497 1224 1655 1265 abiecto
1689 1226 1729 1265 et

103 1293 223 1334 humi
254 1293 416 1333 iacente
457 1291 554 1332 flore
590 1292 820 1344 quidquam
854 1293 918 1333 vel
952 1293 1105 1333 dicitur
1147 1294 1212 1333 vel
1245 1293 1537 1345 significatur?
1600 1294 1727 1335 Porro

103 1375 196 1404 eam
231 1363 503 1411 sententiam,
545 1362 586 1401 in
631 1374 712 1414 qua
754 1363 953 1415 primaria
986 1363 1047 1403 vis
1081 1364 1289 1411 consistit,
1332 1363 1440 1415 quod
1473 1365 1578 1404 nulli
1609 1365 1727 1418 pueri

103 1433 351 1486 puellaeque
384 1433 513 1472 talem
545 1431 700 1481 florem,
735 1433 869 1484 qualis
904 1435 1027 1473 antea
1060 1433 1331 1485 significatur,
1365 1434 1545 1487 amplius
1569 1436 1727 1487 optant,

103 1503 318 1544 Baehrens
358 1503 522 1542 inverso
566 1502 707 1542 ordine
751 1503 1042 1543 secundariam
1088 1502 1185 1543 fecit
1220 1503 1462 1555 addiditque
1495 1505 1582 1557 ipse
1615 1505 1725 1546 ultro

102 1585 196 1614 eam
228 1585 316 1614 rem
348 1575 568 1624 tamquam
602 1573 883 1625 praecipuam,
918 1585 1045 1625 quani
1077 1586 1190 1614 mere
1225 1574 1484 1626 excogitavit.

220 1643 331 1684 Flori
363 1643 491 1695 igitur
523 1643 564 1682 in
599 1643 755 1695 saeptis
787 1643 920 1683 hortis
952 1644 1140 1684 nascenti
1177 1644 1245 1695 qui
1280 1644 1395 1684 nulla
1430 1645 1468 1684 vi
1502 1645 1640 1686 laesus
1673 1645 1725 1686 ad

101 1714 430 1767 pulcherrimam
470 1713 662 1765 pervenit
693 1712 991 1766 perfectionem
1026 1739 1079 1742 -—
1115 1726 1161 1754 03
1195 1715 1305 1754 0111111
1339 1714 1652 1755 describebatur
1683 1716 1725 1755 in

102 1796 226 1825 versu
269 1783 421 1824 amisso
463 1786 612 1835 quarto
649 1807 699 1811 —
735 1786 776 1823 et
816 1784 956 1836 pueris
988 1784 1223 1836 puellisque
1266 1784 1402 1825 factus
1447 1787 1511 1825 est
1543 1786 1723 1838 optatus,

101 1853 212 1893 idem
252 1853 326 1894 flos
360 1853 581 1906 opponitur
619 1853 758 1893 termis
791 1853 931 1905 aliqua
965 1854 1123 1905 unquis
1155 1854 1277 1906 culpa
1309 1854 1609 1895 defloresccns:
1658 1856 1724 1896 0111

102 1924 402 1976 comparationi
435 1936 500 1964 res
533 1923 623 1976 ipsa
656 1923 878 1964 adhibetur
921 1924 961 1963 in
995 1924 1184 1964 versibus
1216 1925 1414 1976 proximis
1446 1925 1581 1966 hisce:

249 1998 302 2034 45
337 1991 407 2033 Sic
438 1993 565 2045 νίν-90,
599 1993 699 2033 (lum
735 1993 891 2033 intacta
926 1997 1075 2042 manet,
1111 1994 1208 2033 (lum
1241 2007 1344 2034 cara
1375 1995 1465 2034 sm's
1497 1997 1574 2043 est‚·

341 2061 446 2103 Cum
479 2065 637 2103 eas-tum
672 2063 819 2103 aim'se't
846 2062 1005 2114 polluto
1038 2077 1204 2115 corpore
1234 2064 1391 2114 florem,

337 2132 424 2173 Nec
447 2133 598 2184 pueris
630 2133 813 2173 iocunda
845 2137 994 2182 manet,
1029 2148 1102 2175 'nec
1134 2148 1235 2174 rara
1262 2134 1431 2185 puellis.

98 2203 218 2244 Idem
266 2206 408 2244 31110111
454 2203 529 2244 flos
579 2205 805 2256 eademque
847 2206 960 2257 virgo
1010 2206 1298 2257 significantur
1340 2206 1579 2259 similesque
1627 2219 1722 2247 con-

100 2274 302 2322 diciones,
345 2286 449 2326 quae
493 2275 698 2315 similibus
741 2274 970 2315 efferuntur
1015 2276 1266 2316 notionibus.
1328 2276 1395 2316 Ita
1434 2277 1542 2317 inter
1583 2289 1626 2318 se
1660 2290 1722 2318 re-

99 2344 306 2398 spondent
327 2357 375 2384 ex
398 2345 530 2385 altera
551 2348 668 2397 parte
701 2347 902 2396 optavere,
936 2358 984 2386 011
1008 2346 1139 2386 altera
1170 2346 1351 2386 iocmnla
1383 2349 1523 2386 manet
1556 2349 1597 2387 et
1618 2359 1721 2387 cara-

97 2414 190 2454 suis
222 2417 304 2463 est,·
345 2426 465 2467 porro
498 2413 692 2464 defloruit
735 2417 776 2456 et
807 2418 965 2455 castum
999 2416 1144 2455 amisit
1173 2415 1342 2466 florem;
1392 2417 1569 2469 denique
1602 2429 1722 2458 voca-

99 2485 247 2525 bulum
290 2484 452 2525 intacta
486 2508 539 2513 ——
574 2498 681 2537 quae
725 2487 838 2526 notio
878 2487 1108 2527 transitum
1149 2486 1250 2526 facit
1282 2486 1333 2526 ad
1367 2487 1720 2540 comparationem

98 2555 159 2595 rei
191 2554 366 2606 ideoque
400 2554 609 2607 duplicem
643 2556 770 2596 habet
802 2556 1051 2596 relationem
1086 2581 1139 2585 —
1173 2568 1245 2609 per
1279 2557 1592 2598 collocationem
1625 2570 1720 2598 con-

98 2624 277 2664 trarium
309 2623 356 2664 fit
388 2625 671 2677 superioribus
705 2626 786 2666 illis
818 2626 935 2666 tenui
957 2628 1130 2677 carptus
1160 2627 1294 2678 unqua·
1327 2628 1368 2667 et
1400 2628 1597 2680 proximis
1626 2626 1717 2679 pol-

98 2693 184 2751 luto
215 2706 395 2746 corpore.
457 2696 668 2736 Accurata
709 2696 838 2748 igitur
870 2696 1177 2736 sententiarum
1219 2700 1262 2736 et
1300 2698 1517 2737 notionum
1558 2698 1599 2738 in
1639 2697 1718 2738 hac

98 2764 272 2818 stropha
302 2765 527 2818 responsio,
561 2766 730 2822 qualem
762 2766 865 2806 item
896 2766 938 2806 in
962 2765 1227 2819 antistropha
1260 2767 1532 2817 inveniemus,
1565 2767 1719 2808 evincit

168 2843 203 2870 W
211 2845 249 2870 ob
258 2852 272 2870 e
279 2852 292 2870 r
300 2865 308 2875 ,
327 2844 519 2876 Quaestionem
539 2845 727 2872 Catulliana..
1412 2837 1435 2871 5
