2013 3223
890 153 970 190 105

238 282 297 320 Ac
327 280 510 332 primum
540 278 714 331 praebet
747 277 780 319 0
818 270 882 339 tli'
918 279 989 331 (=
1018 278 1152 326 haec),
1183 275 1266 316 BA
1304 266 1435 337 thec',
1480 274 1608 336 (quod
1639 275 1682 314 in
1706 274 1742 315 G

120 350 344 391 correxisse
389 349 438 390 de
481 361 555 389 suo
596 349 638 388 in
671 349 811 397 „hoec
853 349 1048 389 librarius
1082 338 1265 387 videt-ur'
1309 345 1572 399 (Baehrens).
1633 345 1741 396 Ergo

121 421 317 473 quoniam
344 411 466 476 choc³
494 418 644 459 codicis
666 418 704 457 V
729 419 968 459 testimonio
1000 431 1081 459 non
1114 418 1317 464 firmatur,
1350 416 1579 457 secundum
1602 428 1743 456 rerum

118 503 272 531 nexum
305 489 569 530 scribendum
602 489 705 529 mihi
738 489 905 529 videtur
937 488 1026 528 huc.

237 560 391 601 Malius
425 561 566 600 autem
600 559 753 600 dicitur
780 559 967 620 (fortuna
1001 570 1185 610 casuque
1211 569 1435 610 oppressus
1469 549 1634 598 acerbo’
1659 556 1684 596 i.
1707 568 1741 596 e.

120 631 256 672 subito
298 630 569 671 conturbatus
612 632 654 670 et
697 629 900 678 afflictus,
950 630 1049 681 quia
1090 628 1141 669 ad
1176 640 1271 668 eum
1312 628 1382 668 ille
1415 639 1536 668 casus
1571 627 1743 667 acerbus

118 713 192 754 per
222 699 576 741 necessitudinem
600 699 811 752 quandam
837 700 1096 752 pertinebat;
1131 698 1239 751 quod
1272 700 1321 738 ut
1351 710 1425 751 per
1458 698 1638 738 alterum
1660 696 1744 737 fac-

119 773 212 815 ‘mm
246 783 336 811 esse
368 770 612 822 intellegere
643 770 867 823 possimus.
900 769 1232 810 concludendum
1265 769 1329 809 est
1359 768 1402 807 in
1430 767 1630 808 vocabulo
1668 767 1744 828 (la-

120 834 280 883 crimis‘
342 843 535 894 corrupt-o
593 841 722 881 latere
781 841 1022 892 genetivum
1070 839 1272 891 aliquem.
1336 850 1416 890 quo
1470 838 1620 878 tertius
1671 837 1740 877 ille

121 911 342 952 denotetur
403 911 469 951 vel
529 910 850 951 necessitudinis
904 910 1080 951 alicuius
1142 909 1307 950 nomine
1361 909 1427 949 vel
1489 907 1742 948 calamitatis

123 982 291 1022 notione
318 981 385 1022 vel
416 981 504 1034 ipso
526 980 692 1020 nomine
725 981 978 1020 nominatus.
1041 979 1151 1019 Nam
1185 977 1374 1019 lacrimis
1396 979 1591 1018 ultimam
1624 990 1744 1018 suam

124 1052 330 1105 syllabam
362 1063 435 1104 per
468 1063 649 1091 errorem
683 1051 920 1098 scribentis,
963 1050 1004 1090 id
1047 1050 1158 1102 quod
1200 1050 1365 1090 monuit
1397 1049 1441 1089 P.
1474 1048 1744 1096 KrumbholZ‚

123 1135 171 1163 ex
222 1122 339 1162 initio
386 1121 646 1173 insequentis
694 1122 883 1162 vocabuli
933 1120 1063 1160 mittis
1109 1121 1314 1174 recepisse
1360 1122 1511 1173 potest.
1576 1118 1656 1160 Sed
1697 1120 1745 1158 ut

120 1193 162 1234 in
204 1192 492 1234 emendatione
535 1192 622 1232 eius
663 1192 742 1232 loci
783 1192 947 1244 longius
986 1192 1257 1244 procederem
1297 1191 1400 1230 mihi
1432 1190 1618 1230 nondum
1652 1202 1746 1230 con-

121 1263 230 1316 tigit.

243 1403 351 1453 Quid
393 1403 590 1444 acciderit
622 1403 739 1443 Malii
781 1404 912 1443 amico
954 1403 1019 1443 rel
1060 1403 1295 1444 necessario
1336 1402 1415 1450 illi,
1464 1401 1567 1442 scire
1607 1412 1743 1452 neque

123 1475 222 1515 licet
261 1486 396 1526 neque
436 1474 563 1514 lubet.
627 1472 749 1514 Certe
795 1476 857 1513 est
902 1465 1185 1534 (naufragus'.
1237 1473 1412 1534 teiectus
1453 1471 1745 1524 spumantibus

124 1544 317 1596 aequoris
351 1535 510 1591 undis',
546 1555 591 1603 ‘a
624 1543 775 1583 mort-is
800 1543 941 1584 limine
975 1536 1281 1583 restituendus'
1319 1543 1343 1582 i.
1367 1555 1398 1583 e.
1431 1543 1541 1582 vitae
1576 1541 1748 1582 redden-

125 1615 202 1656 dus
235 1614 301 1666 (cf.
335 1614 487 1655 Baehr.
521 1614 570 1654 ad
605 1627 640 1653 v.
674 1614 729 1666 4).
792 1614 852 1654 Ea
885 1614 1014 1666 igitur
1047 1615 1284 1655 calamitate
1328 1614 1412 1654 sive
1455 1613 1606 1653 damno
1638 1612 1746 1652 ictus

125 1687 200 1733 est,
242 1688 291 1725 ut
322 1685 409 1738 ipse
444 1697 608 1737 quoque
642 1684 690 1724 de
724 1687 861 1725 morte
897 1685 981 1725 sive
1015 1685 1064 1725 de
1097 1685 1182 1725 rita
1224 1697 1299 1725 sua
1343 1684 1523 1736 cogitare
1556 1682 1747 1723 videatur

126 1780 180 1785 -
213 1768 312 1796 nam
353 1756 412 1796 ita
452 1767 499 1795 ea
532 1756 658 1795 verba
700 1768 735 1795 v.
770 1761 795 1795 4
827 1755 1015 1807 intellegi
1049 1758 1224 1808 possunt
1256 1777 1324 1796 —.
1368 1754 1618 1807 praesertim
1652 1764 1747 1793 cum

123 1838 202 1866 nec
233 1826 284 1866 ab
315 1826 454 1866 uxoris
487 1826 662 1866 alicuius
697 1826 788 1866 sinu
834 1829 875 1866 et
908 1838 1047 1866 amore
1081 1826 1405 1866 consolationem
1439 1824 1566 1865 animi
1607 1826 1747 1876 petere

124 1897 270 1950 possit,
304 1897 400 1948 quia
425 1898 540 1937 caret
563 1908 699 1938 uxore.
732 1908 806 1937 nec
840 1896 1094 1937 carminibus
1118 1900 1307 1937 veterum
1332 1896 1581 1948 scriptorum
1614 1894 1748 1934 oblec-

126 1968 252 2016 tetur,
285 1980 304 2007 e
339 1967 490 2019 quibus
523 1967 615 2007 aliis
647 1967 906 2019 temporibus
940 1967 1066 2007 animi
1101 1967 1399 2007 recreationem
1425 1968 1466 2006 et
1488 1965 1748 2017 voluptatem

126 2037 281 2085 hausit,
314 2038 411 2090 quia
443 2039 597 2078 mentis
639 2038 866 2090 angoribus
899 2050 972 2091 per
1005 2038 1203 2090 temporis
1245 2037 1438 2077 nocturni
1480 2035 1748 2076 solitudinem

127 2110 302 2149 vexatus
324 2109 541 2162 premitur.
604 2108 695 2148 Nox
718 2109 830 2149 enim
853 2109 1089 2161 appellatur
1122 2109 1173 2148 ab
1198 2107 1343 2149 Ovidio
1376 2107 1416 2147 in
1449 2109 1547 2147 met.
1570 2105 1675 2145 VIII
1694 2110 1744 2146 81

132 2191 349 2240 tcurarum
372 2179 553 2219 maxima
587 2172 764 2219 nutrix'.
797 2201 854 2207 —-
885 2179 953 2219 Ita-
985 2179 1082 2228 fere,
1117 2191 1222 2231 quae
1258 2179 1444 2219 versibus
1469 2184 1582 2219 5-S
1607 2176 1750 2216 dicun-

128 2252 210 2292 tur.
242 2249 451 2290 reddenda
486 2251 595 2290 sunt.

248 2319 373 2361 Caret
406 2320 516 2360 enim
549 2333 685 2364 uxore.
719 2333 845 2372 quam
869 2333 1102 2372 numquam
1125 2320 1284 2365 habuit,
1318 2322 1460 2373 utpote
1495 2321 1558 2360 cst
1593 2319 1751 2379 (deser-

131 2391 201 2431 tus
232 2390 275 2430 in
307 2391 414 2431 lecto
437 2383 628 2431 caelibe'.
670 2391 780 2431 Nam
803 2391 965 2432 caelebs
991 2413 1038 2419 —-
1067 2393 1115 2431 ut
1137 2391 1382 2432 Baehrensii
1404 2390 1539 2431 verbis
1573 2392 1669 2430 utar
1698 2413 1749 2417 —-

136 2473 319 2522 tsemper
359 2461 408 2502 de
451 2461 509 2502 eis
553 2462 623 2513 qui
662 2474 788 2502 uxore
822 2464 986 2503 carent.
1028 2462 1112 2502 sive
1144 2474 1377 2514 numquam
1411 2461 1619 2502 duxerunt
1666 2459 1750 2500 sive

133 2531 376 2579 amiserunt,
409 2524 610 2578 dicitur';
644 2544 740 2584 ergo
774 2532 947 2584 cogitari
978 2532 1126 2584 nequit
1158 2531 1206 2572 de
1239 2532 1390 2585 puella.
1432 2531 1560 2572 Porro
1596 2530 1752 2592 tdeser-

129 2593 221 2642 tus'
256 2602 462 2642 nominari
502 2604 642 2655 potest
673 2615 755 2643 non
795 2603 917 2644 modo
950 2603 1004 2649 is,
1038 2615 1161 2655 quem
1199 2603 1227 2643 ii
1260 2615 1363 2655 quos
1397 2615 1539 2643 secum
1570 2601 1752 2641 habebat

131 2671 464 2724 dereliquerunt,
506 2672 577 2713 sed
619 2673 747 2714 etiam
781 2674 850 2726 qui
892 2673 1003 2714 solus
1036 2675 1117 2721 est,
1158 2675 1207 2713 ut
1245 2673 1323 2713 hoc
1365 2685 1489 2713 sensu
1531 2672 1752 2713 adhibetur

130 2741 174 2782 in
195 2755 231 2782 v.
254 2747 308 2784 29
346 2742 531 2803 (deserto
564 2735 724 2791 cubili',
757 2743 866 2796 quod
899 2744 982 2784 iam
1013 2743 1079 2783 Fr.
1105 2742 1245 2784 Scholl
1278 2744 1303 2783 l.
1326 2756 1358 2784 c.
1390 2756 1427 2796 p.
1461 2748 1544 2784 472
1577 2743 1752 2791 monuit,

129 2812 318 2865 itemque
350 2814 392 2854 in
425 2827 461 2854 V.
494 2818 548 2856 50
584 2814 647 2876 ‘in
681 2814 846 2855 deserto
877 2815 960 2855 Alli
992 2805 1195 2862 nomine',
1228 2827 1249 2855 e
1281 2814 1444 2867 vulgari
1476 2814 1625 2854 talium
1658 2825 1751 2866 par-
