<?xml version="1.0" encoding="UTF-8"?>
<!DOCTYPE html PUBLIC "-//W3C//DTD XHTML 1.0 Transitional//EN"
    "http://www.w3.org/TR/xhtml1/DTD/xhtml1-transitional.dtd">
<html xmlns="http://www.w3.org/1999/xhtml" xml:lang="en" lang="en">
 <head>
  <title>
</title>
<meta http-equiv="Content-Type" content="text/html;charset=utf-8" />
  <meta name='ocr-system' content='tesseract 3.04.00' />
  <meta name='ocr-capabilities' content='ocr_page ocr_carea ocr_par ocr_line ocrx_word'/>
</head>
<body>
  <div class='ocr_page' id='page_1' title='image "./quaestionescatul00webeuoft_0038.png"; bbox 0 0 2013 3223; ppageno 0'>
   <div class='ocr_carea' id='block_1_1' title="bbox 273 160 1894 1746">
    <p class='ocr_par' dir='ltr' id='par_1_1' title="bbox 273 160 1894 1746">
     <span class='ocr_line' id='line_1_1' title="bbox 1050 160 1100 195; baseline 0.02 -1"><span class='ocrx_word' id='word_1_1' title='bbox 1050 160 1100 195; x_wconf 77' lang='lat'><em>18</em></span> 
     </span>
     <span class='ocr_line' id='line_1_2' title="bbox 277 282 1886 334; baseline -0.002 -7"><span class='ocrx_word' id='word_1_2' title='bbox 277 286 462 327; x_wconf 89' lang='lat' dir='ltr'><em>colorum</em></span> <span class='ocrx_word' id='word_1_3' title='bbox 492 286 562 326; x_wconf 87' lang='lat' dir='ltr'><em>fila</em></span> <span class='ocrx_word' id='word_1_4' title='bbox 594 285 807 325; x_wconf 88' lang='lat' dir='ltr'><em>nominata</em></span> <span class='ocrx_word' id='word_1_5' title='bbox 840 286 904 324; x_wconf 85' lang='lat' dir='ltr'><em>est</em></span> <span class='ocrx_word' id='word_1_6' title='bbox 936 282 984 323; x_wconf 87' lang='lat' dir='ltr'><em>cf.</em></span> <span class='ocrx_word' id='word_1_7' title='bbox 1017 283 1041 322; x_wconf 89' lang='lat'><em>1.</em></span> <span class='ocrx_word' id='word_1_8' title='bbox 1075 295 1106 322; x_wconf 89' lang='lat' dir='ltr'><em>c.</em></span> <span class='ocrx_word' id='word_1_9' title='bbox 1134 282 1155 322; x_wconf 91' lang='grc' dir='ltr'>Ι</span> <span class='ocrx_word' id='word_1_10' title='bbox 1176 295 1213 334; x_wconf 87' lang='lat' dir='ltr'><em>p.</em></span> <span class='ocrx_word' id='word_1_11' title='bbox 1239 287 1333 323; x_wconf 83' lang='lat'>154.</span> <span class='ocrx_word' id='word_1_12' title='bbox 1368 286 1449 324; x_wconf 80' lang='lat'><em>208</em></span> <span class='ocrx_word' id='word_1_13' title='bbox 1465 295 1536 334; x_wconf 64' lang='lat' dir='ltr'><em>sq„</em></span> <span class='ocrx_word' id='word_1_14' title='bbox 1569 284 1617 322; x_wconf 88' lang='lat' dir='ltr'><em>ut</em></span> <span class='ocrx_word' id='word_1_15' title='bbox 1639 282 1811 324; x_wconf 85' lang='lat' dir='ltr'><em>Ovidius</em></span> <span class='ocrx_word' id='word_1_16' title='bbox 1842 283 1886 323; x_wconf 91' lang='lat' dir='ltr'><em>in</em></span> 
     </span>
     <span class='ocr_line' id='line_1_3' title="bbox 274 353 1886 405; baseline -0.002 -8"><span class='ocrx_word' id='word_1_17' title='bbox 274 356 418 397; x_wconf 86' lang='lat' dir='ltr'><em>fabula</em></span> <span class='ocrx_word' id='word_1_18' title='bbox 461 356 509 397; x_wconf 87' lang='lat' dir='ltr'><em>de</em></span> <span class='ocrx_word' id='word_1_19' title='bbox 551 355 763 396; x_wconf 76' lang='lat' dir='ltr'>Arachnes</span> <span class='ocrx_word' id='word_1_20' title='bbox 805 353 1030 394; x_wconf 82' lang='lat' dir='ltr'><em>certamine</em></span> <span class='ocrx_word' id='word_1_21' title='bbox 1072 353 1160 393; x_wconf 87' lang='lat' dir='ltr'><em>eius</em></span> <span class='ocrx_word' id='word_1_22' title='bbox 1201 354 1335 393; x_wconf 88' lang='lat' dir='ltr'><em>artem</em></span> <span class='ocrx_word' id='word_1_23' title='bbox 1377 365 1454 393; x_wconf 90' lang='lat' dir='ltr'><em>acu</em></span> <span class='ocrx_word' id='word_1_24' title='bbox 1492 353 1690 405; x_wconf 84' lang='lat' dir='ltr'><em>pingendi</em></span> <span class='ocrx_word' id='word_1_25' title='bbox 1728 354 1886 395; x_wconf 87' lang='lat' dir='ltr'><em>laudat.</em></span> 
     </span>
     <span class='ocr_line' id='line_1_4' title="bbox 276 421 1890 476; baseline -0.002 -8"><span class='ocrx_word' id='word_1_26' title='bbox 276 427 467 468; x_wconf 75' lang='lat' dir='ltr'>Arachne</span> <span class='ocrx_word' id='word_1_27' title='bbox 511 426 640 474; x_wconf 82' lang='lat' dir='ltr'><em>enim,</em></span> <span class='ocrx_word' id='word_1_28' title='bbox 687 437 813 476; x_wconf 73' lang='lat' dir='ltr'><em>quam</em></span> <span class='ocrx_word' id='word_1_29' title='bbox 859 422 941 463; x_wconf 84' lang='lat' dir='ltr'><em>sibi</em></span> <span class='ocrx_word' id='word_1_30' title='bbox 983 421 1180 473; x_wconf 74' lang='lat' dir='ltr'><em>lanificae</em></span> <span class='ocrx_word' id='word_1_31' title='bbox 1224 435 1309 462; x_wconf 91' lang='lat' dir='ltr'><em>non</em></span> <span class='ocrx_word' id='word_1_32' title='bbox 1347 422 1488 462; x_wconf 77' lang='lat' dir='ltr'><em>cedere</em></span> <span class='ocrx_word' id='word_1_33' title='bbox 1536 421 1733 463; x_wconf 80' lang='lat' dir='ltr'><em>laudibus</em></span> <span class='ocrx_word' id='word_1_34' title='bbox 1779 424 1890 464; x_wconf 84' lang='lat' dir='ltr'><em>artis</em></span> 
     </span>
     <span class='ocr_line' id='line_1_5' title="bbox 274 493 1889 546; baseline -0.001 -9"><span class='ocrx_word' id='word_1_35' title='bbox 274 497 473 537; x_wconf 75' lang='lat' dir='ltr'><em>audierat</em></span> <span class='ocrx_word' id='word_1_36' title='bbox 503 496 691 536; x_wconf 78' lang='lat' dir='ltr'><em>Minerva</em></span> <span class='ocrx_word' id='word_1_37' title='bbox 713 496 810 534; x_wconf 90' lang='lat' dir='ltr'><em>met.</em></span> <span class='ocrx_word' id='word_1_38' title='bbox 833 493 895 533; x_wconf 73' lang='lat' dir='ltr'><em>VI</em></span> <span class='ocrx_word' id='word_1_39' title='bbox 926 498 961 542; x_wconf 87' lang='grc'><em>6,</em></span> <span class='ocrx_word' id='word_1_40' title='bbox 994 495 1133 534; x_wconf 78' lang='lat' dir='ltr'><em>vestes</em></span> <span class='ocrx_word' id='word_1_41' title='bbox 1156 493 1334 534; x_wconf 84' lang='lat' dir='ltr'><em>faciebat</em></span> <span class='ocrx_word' id='word_1_42' title='bbox 1354 494 1669 546; x_wconf 87' lang='lat' dir='ltr'><em>pulcherrimas.</em></span> <span class='ocrx_word' id='word_1_43' title='bbox 1730 494 1821 535; x_wconf 90' lang='lat' dir='ltr'><em>Iam</em></span> <span class='ocrx_word' id='word_1_44' title='bbox 1854 494 1889 535; x_wconf 88' lang='lat' dir='ltr'><em>si</em></span> 
     </span>
     <span class='ocr_line' id='line_1_6' title="bbox 274 564 1696 615; baseline -0.004 -6"><span class='ocrx_word' id='word_1_45' title='bbox 274 568 447 609; x_wconf 81' lang='lat' dir='ltr'><em>Ovidius</em></span> <span class='ocrx_word' id='word_1_46' title='bbox 481 566 594 606; x_wconf 78' lang='lat' dir='ltr'><em>varia</em></span> <span class='ocrx_word' id='word_1_47' title='bbox 625 564 793 605; x_wconf 86' lang='lat' dir='ltr'><em>lanificii</em></span> <span class='ocrx_word' id='word_1_48' title='bbox 825 576 978 615; x_wconf 86' lang='lat' dir='ltr'><em>genera</em></span> <span class='ocrx_word' id='word_1_49' title='bbox 1010 567 1308 605; x_wconf 75' lang='lat' dir='ltr'><em>commemorat</em></span> <span class='ocrx_word' id='word_1_50' title='bbox 1339 564 1381 604; x_wconf 92' lang='lat' dir='ltr'><em>in</em></span> <span class='ocrx_word' id='word_1_51' title='bbox 1413 565 1477 604; x_wconf 89' lang='lat' dir='ltr'><em>his</em></span> <span class='ocrx_word' id='word_1_52' title='bbox 1509 564 1696 604; x_wconf 77' lang='lat' dir='ltr'><em>versibus</em></span> 
     </span>
     <span class='ocr_line' id='line_1_7' title="bbox 424 633 1657 686; baseline -0.002 -8"><span class='ocrx_word' id='word_1_53' title='bbox 424 644 474 678; x_wconf 82' lang='lat'><em>19</em></span> <span class='ocrx_word' id='word_1_54' title='bbox 508 634 605 677; x_wconf 81' lang='lat' dir='ltr'><em>Sive</em></span> <span class='ocrx_word' id='word_1_55' title='bbox 635 634 783 674; x_wconf 86' lang='lat' dir='ltr'><em>rudem</em></span> <span class='ocrx_word' id='word_1_56' title='bbox 807 634 971 685; x_wconf 79' lang='lat' dir='ltr'><em>primos</em></span> <span class='ocrx_word' id='word_1_57' title='bbox 1004 633 1149 674; x_wconf 85' lang='lat' dir='ltr'><em>lanam</em></span> <span class='ocrx_word' id='word_1_58' title='bbox 1177 633 1432 686; x_wconf 75' lang='lat' dir='ltr'><em>ylomerabat</em></span> <span class='ocrx_word' id='word_1_59' title='bbox 1463 634 1511 674; x_wconf 39' lang='lat' dir='ltr'><em>fin</em></span> <span class='ocrx_word' id='word_1_60' title='bbox 1543 634 1657 675; x_wconf 85' lang='lat' dir='ltr'><em>orbes</em></span> 
     </span>
     <span class='ocr_line' id='line_1_8' title="bbox 510 703 1588 757; baseline -0.002 -11"><span class='ocrx_word' id='word_1_61' title='bbox 510 705 595 747; x_wconf 86' lang='lat' dir='ltr'><em>Seu</em></span> <span class='ocrx_word' id='word_1_62' title='bbox 627 705 772 756; x_wconf 75' lang='lat' dir='ltr'><em>diyitis</em></span> <span class='ocrx_word' id='word_1_63' title='bbox 803 704 1017 756; x_wconf 73' lang='lat' dir='ltr'><em>subiyebat</em></span> <span class='ocrx_word' id='word_1_64' title='bbox 1048 717 1149 755; x_wconf 77' lang='lat' dir='ltr'><em>opus</em></span> <span class='ocrx_word' id='word_1_65' title='bbox 1180 705 1437 756; x_wconf 77' lang='lat' dir='ltr'><em>repetitaque</em></span> <span class='ocrx_word' id='word_1_66' title='bbox 1470 703 1588 757; x_wconf 75' lang='lat' dir='ltr'><em>lonyo</em></span> 
     </span>
     <span class='ocr_line' id='line_1_9' title="bbox 518 773 1548 826; baseline -0.002 -10"><span class='ocrx_word' id='word_1_67' title='bbox 518 774 682 816; x_wconf 85' lang='lat' dir='ltr'><em>Vellera</em></span> <span class='ocrx_word' id='word_1_68' title='bbox 713 773 901 815; x_wconf 82' lang='lat' dir='ltr'><em>mollibat</em></span> <span class='ocrx_word' id='word_1_69' title='bbox 931 774 1107 815; x_wconf 85' lang='lat' dir='ltr'><em>nebulas</em></span> <span class='ocrx_word' id='word_1_70' title='bbox 1138 775 1369 826; x_wconf 76' lang='lat' dir='ltr'><em>aequantia</em></span> <span class='ocrx_word' id='word_1_71' title='bbox 1400 778 1548 824; x_wconf 85' lang='lat' dir='ltr'><em>tractu,</em></span> 
     </span>
     <span class='ocr_line' id='line_1_10' title="bbox 508 845 1502 897; baseline -0.003 -10"><span class='ocrx_word' id='word_1_72' title='bbox 508 845 607 887; x_wconf 79' lang='lat' dir='ltr'><em>Sive</em></span> <span class='ocrx_word' id='word_1_73' title='bbox 640 845 719 886; x_wconf 85' lang='lat' dir='ltr'><em>levi</em></span> <span class='ocrx_word' id='word_1_74' title='bbox 750 848 914 886; x_wconf 83' lang='lat' dir='ltr'><em>teretem</em></span> <span class='ocrx_word' id='word_1_75' title='bbox 944 845 1138 886; x_wconf 77' lang='lat' dir='ltr'><em>versabat</em></span> <span class='ocrx_word' id='word_1_76' title='bbox 1166 845 1316 896; x_wconf 75' lang='lat' dir='ltr'><em>pollice</em></span> <span class='ocrx_word' id='word_1_77' title='bbox 1345 845 1502 897; x_wconf 76' lang='lat' dir='ltr'><em>fuswn,</em></span> 
     </span>
     <span class='ocr_line' id='line_1_11' title="bbox 511 915 1595 968; baseline -0.003 -11"><span class='ocrx_word' id='word_1_78' title='bbox 511 915 596 958; x_wconf 86' lang='lat' dir='ltr'><em>Seu</em></span> <span class='ocrx_word' id='word_1_79' title='bbox 620 916 823 968; x_wconf 40' lang='lat' dir='ltr'><em>pin-oebali</em></span> <span class='ocrx_word' id='word_1_80' title='bbox 854 930 946 965; x_wconf 77' lang='lat' dir='ltr'><em>acu,</em></span> <span class='ocrx_word' id='word_1_81' title='bbox 978 916 1106 956; x_wconf 84' lang='lat' dir='ltr'><em>scires</em></span> <span class='ocrx_word' id='word_1_82' title='bbox 1138 930 1165 955; x_wconf 89' lang='lat' dir='ltr'><em>a</em></span> <span class='ocrx_word' id='word_1_83' title='bbox 1196 915 1378 957; x_wconf 81' lang='lat' dir='ltr'><em>Pallade</em></span> <span class='ocrx_word' id='word_1_84' title='bbox 1411 916 1571 956; x_wconf 82' lang='lat' dir='ltr'><em>doctam</em></span> <span class='ocrx_word' id='word_1_85' title='bbox 1582 929 1595 965; x_wconf 86' lang='grc'><em>,-</em></span> 
     </span>
     <span class='ocr_line' id='line_1_12' title="bbox 273 987 1894 1040; baseline -0.001 -11"><span class='ocrx_word' id='word_1_86' title='bbox 273 990 316 1030; x_wconf 89' lang='lat' dir='ltr'><em>in</em></span> <span class='ocrx_word' id='word_1_87' title='bbox 349 989 496 1029; x_wconf 82' lang='lat' dir='ltr'><em>ultimo</em></span> <span class='ocrx_word' id='word_1_88' title='bbox 529 1000 654 1028; x_wconf 78' lang='lat' dir='ltr'><em>versu</em></span> <span class='ocrx_word' id='word_1_89' title='bbox 687 988 821 1028; x_wconf 87' lang='lat' dir='ltr'><em>artem</em></span> <span class='ocrx_word' id='word_1_90' title='bbox 853 987 1009 1039; x_wconf 85' lang='lat' dir='ltr'><em>figuras</em></span> <span class='ocrx_word' id='word_1_91' title='bbox 1041 987 1275 1037; x_wconf 82' lang='lat' dir='ltr'><em>intexendi‚</em></span> <span class='ocrx_word' id='word_1_92' title='bbox 1313 999 1394 1028; x_wconf 89' lang='lat' dir='ltr'><em>non</em></span> <span class='ocrx_word' id='word_1_93' title='bbox 1435 987 1628 1027; x_wconf 83' lang='lat' dir='ltr'>insuendi</span> <span class='ocrx_word' id='word_1_94' title='bbox 1669 987 1894 1040; x_wconf 87' lang='lat' dir='ltr'><em>significari</em></span> 
     </span>
     <span class='ocr_line' id='line_1_13' title="bbox 273 1058 1182 1112; baseline -0.003 -11"><span class='ocrx_word' id='word_1_95' title='bbox 273 1059 605 1101; x_wconf 78' lang='lat' dir='ltr'><em>luculentissime</em></span> <span class='ocrx_word' id='word_1_96' title='bbox 638 1060 811 1112; x_wconf 88' lang='lat' dir='ltr'><em>apparet</em></span> <span class='ocrx_word' id='word_1_97' title='bbox 844 1071 864 1099; x_wconf 91' lang='lat' dir='ltr'><em>e</em></span> <span class='ocrx_word' id='word_1_98' title='bbox 896 1058 1085 1099; x_wconf 72' lang='lat' dir='ltr'><em>versibus</em></span> <span class='ocrx_word' id='word_1_99' title='bbox 1117 1059 1182 1098; x_wconf 89' lang='lat' dir='ltr'><em>his</em></span> 
     </span>
     <span class='ocr_line' id='line_1_14' title="bbox 424 1127 1692 1180; baseline -0.002 -9"><span class='ocrx_word' id='word_1_100' title='bbox 424 1135 476 1171; x_wconf 84' lang='lat'><em>53</em></span> <span class='ocrx_word' id='word_1_101' title='bbox 510 1129 647 1169; x_wconf 87' lang='lat' dir='ltr'><em>Haud</em></span> <span class='ocrx_word' id='word_1_102' title='bbox 676 1142 807 1178; x_wconf 89' lang='lat' dir='ltr'><em>mora,</em></span> <span class='ocrx_word' id='word_1_103' title='bbox 839 1129 1069 1170; x_wconf 85' lang='lat' dir='ltr'><em>consistunt</em></span> <span class='ocrx_word' id='word_1_104' title='bbox 1101 1128 1279 1169; x_wconf 82' lang='lat' dir='ltr'><em>diversis</em></span> <span class='ocrx_word' id='word_1_105' title='bbox 1302 1128 1504 1180; x_wconf 82' lang='lat' dir='ltr'><em>partibus</em></span> <span class='ocrx_word' id='word_1_106' title='bbox 1535 1127 1692 1178; x_wconf 83' lang='lat' dir='ltr'><em>ambae,</em></span> 
     </span>
     <span class='ocr_line' id='line_1_15' title="bbox 510 1198 1582 1252; baseline -0.001 -12"><span class='ocrx_word' id='word_1_107' title='bbox 510 1199 571 1240; x_wconf 85' lang='lat' dir='ltr'><em>Et</em></span> <span class='ocrx_word' id='word_1_108' title='bbox 600 1199 754 1252; x_wconf 73' lang='lat' dir='ltr'><em>yracili</em></span> <span class='ocrx_word' id='word_1_109' title='bbox 782 1200 973 1252; x_wconf 62' lang='lat' dir='ltr'><em>geminas</em></span> <span class='ocrx_word' id='word_1_110' title='bbox 1003 1199 1228 1239; x_wconf 85' lang='lat' dir='ltr'><em>intendunt</em></span> <span class='ocrx_word' id='word_1_111' title='bbox 1258 1199 1436 1240; x_wconf 79' lang='lat' dir='ltr'><em>stcmiine</em></span> <span class='ocrx_word' id='word_1_112' title='bbox 1467 1198 1582 1239; x_wconf 85' lang='lat' dir='ltr'><em>telas.</em></span> 
     </span>
     <span class='ocr_line' id='line_1_16' title="bbox 426 1269 1626 1322; baseline -0.003 -9"><span class='ocrx_word' id='word_1_113' title='bbox 426 1277 478 1313; x_wconf 83' lang='lat'><em>55</em></span> <span class='ocrx_word' id='word_1_114' title='bbox 515 1269 617 1310; x_wconf 85' lang='lat' dir='ltr'><em>Tela</em></span> <span class='ocrx_word' id='word_1_115' title='bbox 649 1271 745 1322; x_wconf 72' lang='lat' dir='ltr'><em>iuyo</em></span> <span class='ocrx_word' id='word_1_116' title='bbox 776 1271 918 1310; x_wconf 74' lang='lat' dir='ltr'><em>cincta</em></span> <span class='ocrx_word' id='word_1_117' title='bbox 951 1272 1019 1319; x_wconf 88' lang='lat' dir='ltr'><em>est,</em></span> <span class='ocrx_word' id='word_1_118' title='bbox 1051 1272 1213 1310; x_wconf 85' lang='lat' dir='ltr'><em>stamen</em></span> <span class='ocrx_word' id='word_1_119' title='bbox 1244 1270 1419 1310; x_wconf 72' lang='lat' dir='ltr'><em>secernit</em></span> <span class='ocrx_word' id='word_1_120' title='bbox 1451 1269 1626 1320; x_wconf 85' lang='lat' dir='ltr'><em>arundo,</em></span> 
     </span>
     <span class='ocr_line' id='line_1_17' title="bbox 513 1339 1533 1390; baseline -0.002 -9"><span class='ocrx_word' id='word_1_121' title='bbox 513 1340 729 1382; x_wconf 87' lang='lat' dir='ltr'><em>Inseritur</em></span> <span class='ocrx_word' id='word_1_122' title='bbox 759 1341 942 1382; x_wconf 89' lang='lat' dir='ltr'><em>medium</em></span> <span class='ocrx_word' id='word_1_123' title='bbox 973 1339 1114 1380; x_wconf 85' lang='lat' dir='ltr'><em>radiis</em></span> <span class='ocrx_word' id='word_1_124' title='bbox 1144 1340 1354 1380; x_wconf 84' lang='lat' dir='ltr'><em>subtemen</em></span> <span class='ocrx_word' id='word_1_125' title='bbox 1385 1340 1533 1390; x_wconf 79' lang='lat' dir='ltr'><em>acutis,</em></span> 
     </span>
     <span class='ocr_line' id='line_1_18' title="bbox 517 1410 1778 1464; baseline -0.001 -12"><span class='ocrx_word' id='word_1_126' title='bbox 517 1411 637 1464; x_wconf 71' lang='lat' dir='ltr'><em>Quod</em></span> <span class='ocrx_word' id='word_1_127' title='bbox 666 1411 791 1464; x_wconf 70' lang='lat' dir='ltr'><em>diyiti</em></span> <span class='ocrx_word' id='word_1_128' title='bbox 823 1411 1060 1462; x_wconf 75' lang='lat' dir='ltr'><em>expediunt,</em></span> <span class='ocrx_word' id='word_1_129' title='bbox 1094 1412 1217 1462; x_wconf 76' lang='lat' dir='ltr'><em>atque</em></span> <span class='ocrx_word' id='word_1_130' title='bbox 1249 1410 1359 1450; x_wconf 85' lang='lat' dir='ltr'><em>inter</em></span> <span class='ocrx_word' id='word_1_131' title='bbox 1389 1410 1577 1450; x_wconf 82' lang='lat' dir='ltr'><em>stamina</em></span> <span class='ocrx_word' id='word_1_132' title='bbox 1609 1410 1778 1452; x_wconf 82' lang='lat' dir='ltr'><em>ductum</em></span> 
     </span>
     <span class='ocr_line' id='line_1_19' title="bbox 510 1481 1456 1534; baseline -0.001 -11"><span class='ocrx_word' id='word_1_133' title='bbox 510 1481 714 1523; x_wconf 87' lang='lat' dir='ltr'><em>Percusso</em></span> <span class='ocrx_word' id='word_1_134' title='bbox 745 1482 907 1534; x_wconf 80' lang='lat' dir='ltr'><em>feriunt</em></span> <span class='ocrx_word' id='word_1_135' title='bbox 938 1482 1084 1522; x_wconf 85' lang='lat' dir='ltr'><em>insecti</em></span> <span class='ocrx_word' id='word_1_136' title='bbox 1111 1481 1274 1532; x_wconf 83' lang='lat' dir='ltr'><em>pectine</em></span> <span class='ocrx_word' id='word_1_137' title='bbox 1306 1481 1456 1522; x_wconf 80' lang='lat' dir='ltr'><em>dentes.</em></span> 
     </span>
     <span class='ocr_line' id='line_1_20' title="bbox 280 1552 1792 1606; baseline -0.001 -11"><span class='ocrx_word' id='word_1_138' title='bbox 280 1554 428 1596; x_wconf 88' lang='lat' dir='ltr'><em>deinde</em></span> <span class='ocrx_word' id='word_1_139' title='bbox 462 1567 510 1594; x_wconf 79' lang='lat' dir='ltr'><em>ex</em></span> <span class='ocrx_word' id='word_1_140' title='bbox 540 1554 618 1603; x_wconf 90' lang='lat' dir='ltr'><em>his,</em></span> <span class='ocrx_word' id='word_1_141' title='bbox 651 1554 802 1605; x_wconf 87' lang='lat' dir='ltr'><em>quibus</em></span> <span class='ocrx_word' id='word_1_142' title='bbox 834 1553 1048 1594; x_wconf 74' lang='lat' dir='ltr'><em>Minervae</em></span> <span class='ocrx_word' id='word_1_143' title='bbox 1081 1565 1184 1606; x_wconf 89' lang='lat' dir='ltr'><em>opus</em></span> <span class='ocrx_word' id='word_1_144' title='bbox 1218 1553 1489 1593; x_wconf 85' lang='lat' dir='ltr'><em>artificiosum</em></span> <span class='ocrx_word' id='word_1_145' title='bbox 1521 1552 1792 1594; x_wconf 86' lang='lat' dir='ltr'><em>describitur:</em></span> 
     </span>
     <span class='ocr_line' id='line_1_21' title="bbox 427 1621 1606 1676; baseline -0.003 -11"><span class='ocrx_word' id='word_1_146' title='bbox 427 1631 476 1667; x_wconf 85' lang='lat'><em>61</em></span> <span class='ocrx_word' id='word_1_147' title='bbox 512 1621 612 1664; x_wconf 81' lang='lat' dir='ltr'><em>Illic</em></span> <span class='ocrx_word' id='word_1_148' title='bbox 643 1627 680 1664; x_wconf 83' lang='lat' dir='ltr'><em>et</em></span> <span class='ocrx_word' id='word_1_149' title='bbox 718 1623 895 1676; x_wconf 72' lang='lat' dir='ltr'><em>Tyrium</em></span> <span class='ocrx_word' id='word_1_150' title='bbox 928 1637 1035 1675; x_wconf 72' lang='lat' dir='ltr'><em>qicae</em></span> <span class='ocrx_word' id='word_1_151' title='bbox 1058 1637 1262 1674; x_wconf 81' lang='lat' dir='ltr'><em>purpura</em></span> <span class='ocrx_word' id='word_1_152' title='bbox 1292 1623 1422 1663; x_wconf 85' lang='lat' dir='ltr'><em>sensit</em></span> <span class='ocrx_word' id='word_1_153' title='bbox 1453 1626 1606 1663; x_wconf 67' lang='lat' dir='ltr'><em>aenum</em></span> 
     </span>
     <span class='ocr_line' id='line_1_22' title="bbox 521 1693 1627 1746; baseline -0.002 -11"><span class='ocrx_word' id='word_1_154' title='bbox 521 1694 710 1745; x_wconf 74' lang='lat' dir='ltr'><em>Texitur,</em></span> <span class='ocrx_word' id='word_1_155' title='bbox 744 1698 780 1735; x_wconf 90' lang='lat' dir='ltr'><em>et</em></span> <span class='ocrx_word' id='word_1_156' title='bbox 810 1697 952 1735; x_wconf 85' lang='lat' dir='ltr'><em>tenues</em></span> <span class='ocrx_word' id='word_1_157' title='bbox 976 1694 1107 1746; x_wconf 69' lang='lat' dir='ltr'><em>parci</em></span> <span class='ocrx_word' id='word_1_158' title='bbox 1140 1694 1402 1734; x_wconf 72' lang='lat' dir='ltr'><em>discriminis</em></span> <span class='ocrx_word' id='word_1_159' title='bbox 1432 1693 1627 1734; x_wconf 82' lang='lat' dir='ltr'><em>umbrae:</em></span> 
     </span>
    </p>
   </div>
   <div class='ocr_carea' id='block_1_2' title="bbox 283 1835 1908 2878">
    <p class='ocr_par' dir='ltr' id='par_1_2' title="bbox 283 1835 1902 2302">
     <span class='ocr_line' id='line_1_23' title="bbox 428 1835 1449 1887; baseline -0.005 -8"><span class='ocrx_word' id='word_1_160' title='bbox 428 1843 480 1880; x_wconf 82' lang='lat'><em>68</em></span> <span class='ocrx_word' id='word_1_161' title='bbox 514 1835 616 1877; x_wconf 81' lang='lat' dir='ltr'><em>Illic</em></span> <span class='ocrx_word' id='word_1_162' title='bbox 648 1839 684 1877; x_wconf 91' lang='lat' dir='ltr'><em>et</em></span> <span class='ocrx_word' id='word_1_163' title='bbox 716 1835 871 1876; x_wconf 89' lang='lat' dir='ltr'><em>lentum</em></span> <span class='ocrx_word' id='word_1_164' title='bbox 900 1835 989 1887; x_wconf 72' lang='lat' dir='ltr'><em>filis</em></span> <span class='ocrx_word' id='word_1_165' title='bbox 1020 1835 1253 1875; x_wconf 79' lang='lat' dir='ltr'><em>inmittitur</em></span> <span class='ocrx_word' id='word_1_166' title='bbox 1283 1848 1449 1884; x_wconf 82' lang='lat' dir='ltr'><em>aurum,</em></span> 
     </span>
     <span class='ocr_line' id='line_1_24' title="bbox 515 1906 1496 1958; baseline -0.002 -11"><span class='ocrx_word' id='word_1_167' title='bbox 515 1907 576 1947; x_wconf 87' lang='lat' dir='ltr'><em>Et</em></span> <span class='ocrx_word' id='word_1_168' title='bbox 606 1910 720 1947; x_wconf 87' lang='lat' dir='ltr'><em>vetus</em></span> <span class='ocrx_word' id='word_1_169' title='bbox 752 1907 799 1946; x_wconf 89' lang='lat' dir='ltr'><em>in</em></span> <span class='ocrx_word' id='word_1_170' title='bbox 829 1906 912 1947; x_wconf 87' lang='lat' dir='ltr'><em>tela</em></span> <span class='ocrx_word' id='word_1_171' title='bbox 944 1906 1164 1946; x_wconf 72' lang='lat' dir='ltr'><em>deducitur</em></span> <span class='ocrx_word' id='word_1_172' title='bbox 1195 1908 1496 1958; x_wconf 75' lang='lat' dir='ltr'><em>aryumentum.</em></span> 
     </span>
     <span class='ocr_line' id='line_1_25' title="bbox 283 1977 1626 2032; baseline -0.003 -12"><span class='ocrx_word' id='word_1_173' title='bbox 283 1980 461 2032; x_wconf 84' lang='lat' dir='ltr'><em>denique</em></span> <span class='ocrx_word' id='word_1_174' title='bbox 495 1991 514 2020; x_wconf 90' lang='lat' dir='ltr'><em>e</em></span> <span class='ocrx_word' id='word_1_175' title='bbox 548 1978 737 2019; x_wconf 77' lang='lat' dir='ltr'><em>versibus</em></span> <span class='ocrx_word' id='word_1_176' title='bbox 773 1982 852 2019; x_wconf 83' lang='lat'><em>127</em></span> <span class='ocrx_word' id='word_1_177' title='bbox 888 1979 930 2018; x_wconf 89' lang='lat' dir='ltr'><em>et</em></span> <span class='ocrx_word' id='word_1_178' title='bbox 965 1982 1045 2018; x_wconf 82' lang='lat'><em>128</em></span> <span class='ocrx_word' id='word_1_179' title='bbox 1079 1977 1128 2017; x_wconf 87' lang='lat' dir='ltr'><em>de</em></span> <span class='ocrx_word' id='word_1_180' title='bbox 1160 1977 1351 2017; x_wconf 79' lang='lat' dir='ltr'><em>Arachne</em></span> <span class='ocrx_word' id='word_1_181' title='bbox 1385 1977 1506 2017; x_wconf 89' lang='lat' dir='ltr'><em>dictis</em></span> <span class='ocrx_word' id='word_1_182' title='bbox 1538 1977 1626 2017; x_wconf 90' lang='lat' dir='ltr'><em>his:</em></span> 
     </span>
     <span class='ocr_line' id='line_1_26' title="bbox 525 2045 1549 2099; baseline -0.003 -10"><span class='ocrx_word' id='word_1_183' title='bbox 525 2046 684 2090; x_wconf 84' lang='lat' dir='ltr'><em>Ultima</em></span> <span class='ocrx_word' id='word_1_184' title='bbox 707 2062 819 2099; x_wconf 80' lang='lat' dir='ltr'><em>pars</em></span> <span class='ocrx_word' id='word_1_185' title='bbox 849 2047 954 2088; x_wconf 89' lang='lat' dir='ltr'><em>telae</em></span> <span class='ocrx_word' id='word_1_186' title='bbox 985 2047 1101 2088; x_wconf 81' lang='lat' dir='ltr'><em>tenui</em></span> <span class='ocrx_word' id='word_1_187' title='bbox 1131 2047 1394 2087; x_wconf 85' lang='lat' dir='ltr'><em>circumdata</em></span> <span class='ocrx_word' id='word_1_188' title='bbox 1426 2045 1549 2087; x_wconf 82' lang='lat' dir='ltr'><em>limbo</em></span> 
     </span>
     <span class='ocr_line' id='line_1_27' title="bbox 517 2117 1521 2169; baseline -0.002 -10"><span class='ocrx_word' id='word_1_189' title='bbox 517 2118 745 2160; x_wconf 70' lang='lat' dir='ltr'><em>Nexilibus</em></span> <span class='ocrx_word' id='word_1_190' title='bbox 774 2118 896 2169; x_wconf 78' lang='lat' dir='ltr'><em>flores</em></span> <span class='ocrx_word' id='word_1_191' title='bbox 927 2118 1091 2158; x_wconf 66' lang='lat' dir='ltr'><em>laederis</em></span> <span class='ocrx_word' id='word_1_192' title='bbox 1121 2117 1242 2158; x_wconf 77' lang='lat' dir='ltr'><em>habet</em></span> <span class='ocrx_word' id='word_1_193' title='bbox 1272 2117 1521 2158; x_wconf 74' lang='lat' dir='ltr'><em>intertextos.</em></span> 
     </span>
     <span class='ocr_line' id='line_1_28' title="bbox 284 2188 1902 2239; baseline -0.002 -8"><span class='ocrx_word' id='word_1_194' title='bbox 284 2191 368 2231; x_wconf 85' lang='lat' dir='ltr'><em>Eae</em></span> <span class='ocrx_word' id='word_1_195' title='bbox 410 2193 551 2231; x_wconf 89' lang='lat' dir='ltr'><em>autem</em></span> <span class='ocrx_word' id='word_1_196' title='bbox 593 2192 729 2231; x_wconf 80' lang='lat' dir='ltr'><em>vestes</em></span> <span class='ocrx_word' id='word_1_197' title='bbox 770 2190 831 2230; x_wconf 86' lang='lat' dir='ltr'><em>ita</em></span> <span class='ocrx_word' id='word_1_198' title='bbox 872 2189 1082 2230; x_wconf 83' lang='lat' dir='ltr'><em>confectae</em></span> <span class='ocrx_word' id='word_1_199' title='bbox 1124 2189 1166 2229; x_wconf 91' lang='lat' dir='ltr'><em>in</em></span> <span class='ocrx_word' id='word_1_200' title='bbox 1200 2201 1323 2229; x_wconf 79' lang='lat' dir='ltr'><em>versu</em></span> <span class='ocrx_word' id='word_1_201' title='bbox 1358 2194 1435 2229; x_wconf 90' lang='lat'><em>131</em></span> <span class='ocrx_word' id='word_1_202' title='bbox 1483 2189 1621 2228; x_wconf 74' lang='lat' dir='ltr'><em>vestes</em></span> <span class='ocrx_word' id='word_1_203' title='bbox 1655 2188 1799 2239; x_wconf 75' lang='lat' dir='ltr'><em>pictae</em></span> <span class='ocrx_word' id='word_1_204' title='bbox 1830 2200 1902 2229; x_wconf 91' lang='lat' dir='ltr'><em>no-</em></span> 
     </span>
     <span class='ocr_line' id='line_1_29' title="bbox 285 2262 512 2302; baseline -0.004 0"><span class='ocrx_word' id='word_1_205' title='bbox 285 2262 512 2302; x_wconf 82' lang='lat' dir='ltr'><em>minantur.</em></span> 
     </span>
    </p>

    <p class='ocr_par' dir='ltr' id='par_1_3' title="bbox 287 2330 1908 2878">
     <span class='ocr_line' id='line_1_30' title="bbox 403 2330 1903 2383; baseline -0.003 -10"><span class='ocrx_word' id='word_1_206' title='bbox 403 2332 517 2373; x_wconf 87' lang='lat' dir='ltr'><em>Haec</em></span> <span class='ocrx_word' id='word_1_207' title='bbox 550 2334 691 2373; x_wconf 90' lang='lat' dir='ltr'><em>autem</em></span> <span class='ocrx_word' id='word_1_208' title='bbox 725 2344 792 2372; x_wconf 84' lang='lat' dir='ltr'><em>ars</em></span> <span class='ocrx_word' id='word_1_209' title='bbox 827 2331 996 2372; x_wconf 84' lang='lat' dir='ltr'><em>Graecis</em></span> <span class='ocrx_word' id='word_1_210' title='bbox 1029 2330 1195 2371; x_wconf 86' lang='lat' dir='ltr'><em>feminis</em></span> <span class='ocrx_word' id='word_1_211' title='bbox 1227 2331 1309 2371; x_wconf 86' lang='lat' dir='ltr'><em>fuit</em></span> <span class='ocrx_word' id='word_1_212' title='bbox 1342 2331 1508 2383; x_wconf 87' lang='lat' dir='ltr'><em>cognita</em></span> <span class='ocrx_word' id='word_1_213' title='bbox 1549 2331 1590 2370; x_wconf 90' lang='lat' dir='ltr'><em>et</em></span> <span class='ocrx_word' id='word_1_214' title='bbox 1631 2330 1813 2377; x_wconf 86' lang='lat' dir='ltr'><em>usitata;</em></span> <span class='ocrx_word' id='word_1_215' title='bbox 1854 2331 1903 2369; x_wconf 93' lang='lat' dir='ltr'><em>ut</em></span> 
     </span>
     <span class='ocr_line' id='line_1_31' title="bbox 287 2399 1904 2455; baseline -0.001 -13"><span class='ocrx_word' id='word_1_216' title='bbox 287 2402 453 2455; x_wconf 76' lang='lat' dir='ltr'><em>pictura</em></span> <span class='ocrx_word' id='word_1_217' title='bbox 486 2403 630 2455; x_wconf 65' lang='lat' dir='ltr'><em>scyphi</em></span> <span class='ocrx_word' id='word_1_218' title='bbox 663 2403 851 2451; x_wconf 87' lang='lat' dir='ltr'><em>alicuius,</em></span> <span class='ocrx_word' id='word_1_219' title='bbox 885 2402 955 2454; x_wconf 85' lang='lat' dir='ltr'><em>qui</em></span> <span class='ocrx_word' id='word_1_220' title='bbox 987 2402 1096 2442; x_wconf 87' lang='lat' dir='ltr'><em>circa</em></span> <span class='ocrx_word' id='word_1_221' title='bbox 1129 2414 1286 2441; x_wconf 85' lang='lat' dir='ltr'><em>annum</em></span> <span class='ocrx_word' id='word_1_222' title='bbox 1319 2413 1353 2441; x_wconf 88' lang='lat' dir='ltr'><em>a.</em></span> <span class='ocrx_word' id='word_1_223' title='bbox 1387 2400 1480 2442; x_wconf 89' lang='lat' dir='ltr'>Chr.</span> <span class='ocrx_word' id='word_1_224' title='bbox 1522 2405 1608 2441; x_wconf 88' lang='lat'><em>400</em></span> <span class='ocrx_word' id='word_1_225' title='bbox 1648 2400 1810 2441; x_wconf 86' lang='lat' dir='ltr'><em>effictus</em></span> <span class='ocrx_word' id='word_1_226' title='bbox 1843 2399 1904 2440; x_wconf 89' lang='lat' dir='ltr'><em>di-</em></span> 
     </span>
     <span class='ocr_line' id='line_1_32' title="bbox 290 2470 1904 2526; baseline -0.001 -14"><span class='ocrx_word' id='word_1_227' title='bbox 290 2473 409 2521; x_wconf 74' lang='lat' dir='ltr'><em>citur,</em></span> <span class='ocrx_word' id='word_1_228' title='bbox 440 2473 703 2526; x_wconf 79' lang='lat' dir='ltr'><em>Penelopam,</em></span> <span class='ocrx_word' id='word_1_229' title='bbox 737 2474 833 2513; x_wconf 87' lang='lat' dir='ltr'><em>ante</em></span> <span class='ocrx_word' id='word_1_230' title='bbox 868 2485 994 2524; x_wconf 86' lang='lat' dir='ltr'><em>quam</em></span> <span class='ocrx_word' id='word_1_231' title='bbox 1025 2472 1299 2512; x_wconf 85' lang='lat' dir='ltr'><em>Telemachus</em></span> <span class='ocrx_word' id='word_1_232' title='bbox 1333 2484 1429 2512; x_wconf 88' lang='lat' dir='ltr'><em>cum</em></span> <span class='ocrx_word' id='word_1_233' title='bbox 1461 2471 1622 2511; x_wconf 88' lang='lat' dir='ltr'><em>duabus</em></span> <span class='ocrx_word' id='word_1_234' title='bbox 1654 2471 1789 2511; x_wconf 86' lang='lat' dir='ltr'><em>hastis</em></span> <span class='ocrx_word' id='word_1_235' title='bbox 1833 2470 1904 2511; x_wconf 84' lang='lat' dir='ltr'><em>ad-</em></span> 
     </span>
     <span class='ocr_line' id='line_1_33' title="bbox 290 2541 1905 2594; baseline -0.001 -12"><span class='ocrx_word' id='word_1_236' title='bbox 290 2543 416 2591; x_wconf 85' lang='lat' dir='ltr'><em>stitit,</em></span> <span class='ocrx_word' id='word_1_237' title='bbox 449 2543 710 2583; x_wconf 84' lang='lat' dir='ltr'><em>adsidentem</em></span> <span class='ocrx_word' id='word_1_238' title='bbox 742 2543 842 2583; x_wconf 86' lang='lat' dir='ltr'><em>facit</em></span> <span class='ocrx_word' id='word_1_239' title='bbox 873 2555 1058 2583; x_wconf 84' lang='lat' dir='ltr'><em>maerore</em></span> <span class='ocrx_word' id='word_1_240' title='bbox 1093 2541 1294 2582; x_wconf 81' lang='lat' dir='ltr'><em>deflexam</em></span> <span class='ocrx_word' id='word_1_241' title='bbox 1326 2542 1460 2582; x_wconf 75' lang='lat' dir='ltr'><em>textili</em></span> <span class='ocrx_word' id='word_1_242' title='bbox 1492 2542 1616 2582; x_wconf 87' lang='lat' dir='ltr'><em>alicui</em></span> <span class='ocrx_word' id='word_1_243' title='bbox 1653 2541 1828 2594; x_wconf 79' lang='lat' dir='ltr'><em>incepto,</em></span> <span class='ocrx_word' id='word_1_244' title='bbox 1861 2541 1905 2581; x_wconf 89' lang='lat' dir='ltr'><em>in</em></span> 
     </span>
     <span class='ocr_line' id='line_1_34' title="bbox 292 2612 1904 2666; baseline -0.001 -13"><span class='ocrx_word' id='word_1_245' title='bbox 292 2613 401 2665; x_wconf 89' lang='lat' dir='ltr'><em>quod</em></span> <span class='ocrx_word' id='word_1_246' title='bbox 443 2614 527 2653; x_wconf 87' lang='lat' dir='ltr'><em>iam</em></span> <span class='ocrx_word' id='word_1_247' title='bbox 568 2626 651 2653; x_wconf 89' lang='lat' dir='ltr'><em>una</em></span> <span class='ocrx_word' id='word_1_248' title='bbox 690 2614 922 2666; x_wconf 85' lang='lat' dir='ltr'><em>figurarum</em></span> <span class='ocrx_word' id='word_1_249' title='bbox 970 2614 1179 2654; x_wconf 73' lang='lat' dir='ltr'><em>elatarum</em></span> <span class='ocrx_word' id='word_1_250' title='bbox 1223 2613 1349 2653; x_wconf 86' lang='lat' dir='ltr'><em>series</em></span> <span class='ocrx_word' id='word_1_251' title='bbox 1393 2613 1478 2653; x_wconf 74' lang='lat' dir='ltr'><em>sive</em></span> <span class='ocrx_word' id='word_1_252' title='bbox 1517 2614 1678 2653; x_wconf 88' lang='lat' dir='ltr'><em>tractus</em></span> <span class='ocrx_word' id='word_1_253' title='bbox 1718 2612 1904 2652; x_wconf 86' lang='lat' dir='ltr'><em>intextus</em></span> 
     </span>
     <span class='ocr_line' id='line_1_35' title="bbox 291 2681 1905 2737; baseline -0.002 -13"><span class='ocrx_word' id='word_1_254' title='bbox 291 2686 377 2731; x_wconf 84' lang='lat' dir='ltr'><em>est;</em></span> <span class='ocrx_word' id='word_1_255' title='bbox 411 2684 445 2723; x_wconf 89' lang='lat' dir='ltr'><em>is</em></span> <span class='ocrx_word' id='word_1_256' title='bbox 479 2686 620 2724; x_wconf 81' lang='lat' dir='ltr'><em>autem</em></span> <span class='ocrx_word' id='word_1_257' title='bbox 651 2685 812 2736; x_wconf 89' lang='lat' dir='ltr'><em>positus</em></span> <span class='ocrx_word' id='word_1_258' title='bbox 844 2684 1072 2737; x_wconf 90' lang='lat' dir='ltr'><em>Penelopes</em></span> <span class='ocrx_word' id='word_1_259' title='bbox 1107 2683 1344 2724; x_wconf 89' lang='lat' dir='ltr'><em>simillimus</em></span> <span class='ocrx_word' id='word_1_260' title='bbox 1378 2685 1442 2724; x_wconf 90' lang='lat' dir='ltr'><em>est</em></span> <span class='ocrx_word' id='word_1_261' title='bbox 1473 2683 1548 2732; x_wconf 88' lang='lat' dir='ltr'><em>iis,</em></span> <span class='ocrx_word' id='word_1_262' title='bbox 1589 2683 1660 2735; x_wconf 87' lang='lat' dir='ltr'><em>qui</em></span> <span class='ocrx_word' id='word_1_263' title='bbox 1701 2682 1743 2722; x_wconf 90' lang='lat' dir='ltr'><em>in</em></span> <span class='ocrx_word' id='word_1_264' title='bbox 1787 2681 1905 2733; x_wconf 86' lang='lat' dir='ltr'><em>signo</em></span> 
     </span>
     <span class='ocr_line' id='line_1_36' title="bbox 295 2753 1907 2808; baseline -0.002 -13"><span class='ocrx_word' id='word_1_265' title='bbox 295 2755 433 2807; x_wconf 83' lang='lat' dir='ltr'><em>aliquo</em></span> <span class='ocrx_word' id='word_1_266' title='bbox 455 2755 748 2806; x_wconf 82' lang='lat' dir='ltr'><em>nonnullisque</em></span> <span class='ocrx_word' id='word_1_267' title='bbox 773 2756 1020 2808; x_wconf 73' lang='lat' dir='ltr'><em>anaglyphis</em></span> <span class='ocrx_word' id='word_1_268' title='bbox 1052 2756 1401 2807; x_wconf 82' lang='lat' dir='ltr'><em>repraesentatur,</em></span> <span class='ocrx_word' id='word_1_269' title='bbox 1432 2754 1475 2794; x_wconf 89' lang='lat' dir='ltr'><em>in</em></span> <span class='ocrx_word' id='word_1_270' title='bbox 1509 2753 1658 2805; x_wconf 90' lang='lat' dir='ltr'><em>quibus</em></span> <span class='ocrx_word' id='word_1_271' title='bbox 1690 2753 1907 2806; x_wconf 88' lang='lat' dir='ltr'><em>praeterea</em></span> 
     </span>
     <span class='ocr_line' id='line_1_37' title="bbox 289 2822 1908 2878; baseline -0.002 -12"><span class='ocrx_word' id='word_1_272' title='bbox 289 2826 373 2866; x_wconf 85' lang='lat' dir='ltr'><em>sub</em></span> <span class='ocrx_word' id='word_1_273' title='bbox 407 2825 508 2866; x_wconf 87' lang='lat' dir='ltr'><em>sella</em></span> <span class='ocrx_word' id='word_1_274' title='bbox 541 2825 628 2865; x_wconf 87' lang='lat' dir='ltr'><em>eius</em></span> <span class='ocrx_word' id='word_1_275' title='bbox 661 2825 857 2874; x_wconf 65' lang='grc' dir='ltr'><em>κάλαθος</em></span> <span class='ocrx_word' id='word_1_276' title='bbox 890 2826 973 2867; x_wconf 85' lang='lat' dir='ltr'><em>sive</em></span> <span class='ocrx_word' id='word_1_277' title='bbox 1003 2826 1175 2878; x_wconf 85' lang='lat' dir='ltr'><em>qualum</em></span> <span class='ocrx_word' id='word_1_278' title='bbox 1199 2825 1388 2866; x_wconf 83' lang='lat' dir='ltr'><em>additum</em></span> <span class='ocrx_word' id='word_1_279' title='bbox 1411 2824 1595 2865; x_wconf 86' lang='lat' dir='ltr'><em>cernitur</em></span> <span class='ocrx_word' id='word_1_280' title='bbox 1618 2822 1666 2864; x_wconf 88' lang='lat' dir='ltr'><em>cf.</em></span> <span class='ocrx_word' id='word_1_281' title='bbox 1687 2822 1739 2863; x_wconf 89' lang='lat' dir='ltr'><em>H.</em></span> <span class='ocrx_word' id='word_1_282' title='bbox 1761 2822 1908 2863; x_wconf 81' lang='lat' dir='ltr'><em>Bh&#39;im-</em></span> 
     </span>
    </p>
   </div>
  </div>
 </body>
</html>
