2013 3223
807 139 954 196 —113

101 264 170 304 est
209 275 345 315 neque
386 262 558 303 retineri
587 263 738 315 potest.
784 261 894 303 Huic
926 262 1038 303 enim
1068 274 1210 303 merae
1245 274 1351 315 quae
1376 263 1441 303 est
1464 263 1726 305 coniecturae

102 345 269 386 semper
309 333 414 373 illud
456 333 658 380 obstabit,
702 332 813 384 quod
852 332 1052 373 Rieseum
1094 345 1260 385 quoque
1299 332 1431 373 movit
1469 333 1512 373 in
1553 333 1728 375 adnota-

101 404 214 444 tione
246 417 284 456 p.
319 407 401 445 239
436 403 488 443 ad
520 415 552 443 c.
589 394 701 463 t68‘2'
737 401 858 443 facta.
910 403 961 442 In
994 402 1126 455 elegia
1159 403 1271 443 enim
1304 403 1353 443 de
1375 403 1483 443 Allio
1515 405 1725 453 narratur,

101 473 177 515 sed
207 485 439 525 numquam
472 473 523 513 ad
555 485 651 513 eum
684 473 881 513 allocutio
913 472 1117 525 derigitur
1149 472 1198 514 cf.
1231 479 1297 513 41.
1332 477 1399 514 50.
1433 479 1499 515 60.

223 543 350 584 Porro
384 543 425 583 id
458 555 609 584 nomen
642 543 808 583 omnino
849 543 900 583 ab
938 543 1015 583 hoc
1059 543 1148 583 1000
1189 543 1415 584 arcendum
1454 544 1518 584 est
1558 545 1728 596 propter

99 613 402 667 proprietatem
433 613 614 654 notionis
645 613 880 666 pronomini
915 604 1142 675 ‘vestrum'
1177 613 1219 652 in
1261 626 1297 653 v.
1342 618 1420 654 151
1466 613 1724 655 tribuendae.

100 683 212 724 Nam
244 683 357 736 apud
389 683 605 725 Catullum
642 675 821 744 ‘vester'
855 696 928 736 pro
965 674 1104 744 ‘tuus’
1148 695 1230 723 non
1269 683 1366 736 poni
1398 683 1462 723 Fr.
1497 682 1640 724 Scholl
1680 684 1725 724 in

98 754 178 795 1100
218 766 342 795 versu
382 754 546 794 monuit
593 755 635 794 et
681 754 723 794 in
761 754 811 794 iis
849 754 948 794 10013
997 753 1326 799 demonstravit,
1374 765 1476 805 quos
1527 752 1723 795 Schwabe

98 826 263 876 quaest.
296 837 334 877 p.
369 828 451 865 155
487 824 576 865 eius
608 836 711 864 usus
745 823 987 864 testimonia
1020 835 1110 864 esse
1143 823 1323 876 putabat
1356 822 1427 876 (N.
1460 822 1612 864 Jahrb.
1639 829 1719 865 121

96 907 136 947 p.
170 899 273 942 487,
309 899 385 942 293
425 894 475 935 de
508 907 540 935 c.
571 894 708 934 LXXI
742 899 765 936 3
809 893 857 934 cf.
898 893 950 933 H.
982 893 1164 945 Magnus
1201 899 1282 935 113
1321 906 1358 946 p.
1400 893 1515 946 408).
1586 893 1724 946 Igitur

99 957 332 1025 ‘vestrum'
367 965 436 1005 hic
467 977 602 1016 neque
644 977 739 1005 cum
781 963 1036 1004 Baehrensio
1077 963 1127 1004 ad
1169 964 1324 1004 Alliam
1365 965 1535 1016 gentem
1577 963 1724 1005 referri

97 1036 255 1087 potest,
289 1034 486 1086 quoniam
517 1034 584 1075 hic
617 1047 726 1074 unus
762 1027 937 1095 ‘Allius'
972 1046 1108 1085 neque
1143 1033 1367 1086 quisquam
1409 1034 1516 1074 alius
1556 1036 1724 1087 praeter

95 1104 209 1145 hunc
266 1105 476 1157 cogitatur
525 1105 655 1157 (locus
696 1106 838 1145 autem
880 1104 1033 1144 allatus
1075 1116 1123 1144 ex
1167 1103 1239 1145 Ov.
1279 1104 1385 1145 trist.
1426 1104 1470 1144 Π
1513 1110 1563 1146 65
1606 1105 1722 1146 nullo

95 1174 219 1215 modo
259 1175 300 1215 id
338 1175 489 1228 probat
537 1175 646 1227 quod
692 1175 950 1228 comprobari
991 1175 1082 1214 vult
1120 1174 1182 1214 vir
1223 1174 1410 1227 doctus);
1448 1187 1583 1227 neque
1625 1188 1722 1216 011111

95 1245 244 1286 Rieseo
278 1245 331 1286 ad
352 1246 509 1286 Allium
542 1245 713 1298 eiusque
751 1236 923 1304 ‘vitam'
959 1245 982 1284 i.
1016 1257 1048 1286 e.
1081 1245 1266 1298 puellam
1299 1245 1363 1285 vel
1397 1257 1578 1294 uxorem,
1613 1258 1720 1298 quae

94 1327 194 1356 cum
215 1316 334 1356 bonis
368 1316 735 1369 imprecationibus
768 1317 912 1368 postea
946 1315 1116 1356 demum
1150 1314 1357 1356 aCatullo
1390 1316 1432 1355 in
1465 1315 1723 1357 valedicendi

95 1384 278 1426 formula
309 1387 562 1427 nominatur.

216 1455 297 1497 Sed
331 1457 560 1497 violentum
593 1459 658 1497 est
690 1458 731 1497 et
762 1456 1034 1497 temerarium
1066 1456 1285 1496 lectionem
1318 1455 1518 1496 traditam
1541 1458 1718 1505 mutare,

91 1538 223 1578 quam
256 1527 291 1567 si
326 1527 648 1579 reposuerimus,
681 1527 783 1567 haec
815 1527 1018 1567 habemus
1053 1526 1201 1566 verba:

330 1596 422 1637 Hoc
454 1596 541 1646 tibi,
575 1596 686 1648 quod
711 1596 842 1648 potui,
875 1596 1106 1648 confectum
1138 1596 1326 1637 carmine
1358 1608 1511 1636 «meumes

386 1666 472 1708 Pro
504 1666 648 1708 maltis
680 1666 782 1708 aliis
816 1667 1007 1708 redditur
1039 1666 1193 1719 officiis

92 1737 117 1777 i.
151 1749 183 1778 e.
216 1737 295 1779 hoc
338 1738 570 1779 confectum
613 1739 795 1779 carmine
835 1751 989 1779 munus
1032 1739 1117 1779 sive
1159 1738 1236 1778 hoc
1276 1751 1358 1779 uno
1398 1739 1582 1780 carmine
1622 1752 1718 1780 con-

93 1808 211 1848 stans
243 1821 408 1851 munus.
443 1809 553 1861 quod
585 1809 704 1862 potui
736 1809 921 1857 reddere,
954 1809 1029 1849 tibi
1062 1809 1292 1849 multorum
1335 1808 1565 1850 officiorum
1605 1822 1718 1851 meo-

91 1890 188 1918 rum
219 1878 307 1919 loco
340 1892 451 1920 nunc
482 1879 682 1920 redditur.
735 1880 812 1920 Est
844 1882 986 1920 autem
1022 1871 1242 1941 ‘carmine'
1283 1879 1508 1939 (ablativus
1543 1880 1716 1920 modum

89 1948 337 1990 conficiendi
368 1941 576 1990 indicans'
613 1949 662 1991 cf.
703 1950 948 1991 Baehrensii
991 1962 1143 1990 comm.
1183 1963 1219 2002 p.
1262 1954 1356 1990 533.
1427 1949 1536 1989 Addi
1576 1952 1716 2002 potest

90 2020 329 2072 exemplum
353 2019 604 2061 Ovidianum
626 2020 734 2061 trist.
757 2020 817 2060 IV
842 2026 879 2061 4.
906 2026 980 2061 11:
1018 2019 1218 2081 (officium
1251 2021 1392 2059 nostro
1422 2020 1497 2060 tibi
1530 2020 1714 2062 carmine

88 2081 270 2130 factum'
314 2091 436 2143 plane
470 2090 707 2132 Catulliano
741 2103 992 2143 congruens,
1026 2091 1203 2131 allatum
1237 2090 1287 2130 ab
1319 2089 1369 2130 H.
1402 2090 1625 2142 Magnusio
1657 2089 1713 2131 N.

88 2158 242 2201 Jahrb.
280 2166 402 2202 1875.
438 2168 515 2202 111
552 2175 588 2214 p.
613 2167 710 2203 851.
757 2161 892 2214 Igitur
925 2161 1163 2202 coniectura
1197 2173 1297 2220 (quo
1327 2152 1460 2213 potui'
1498 2162 1583 2201 sive
1611 2173 1714 2223 cqua

89 2222 219 2283 potui'
240 2231 447 2272 reicienda
466 2234 552 2278 est;
575 2232 705 2293 tquod
724 2223 860 2285 potui'
888 2231 1008 2272 docet
1025 2231 1240 2272 Baehrens
1258 2231 1358 2271 locis
1378 2231 1516 2272 allatis
1537 2232 1712 2292 ‘ubique

87 2300 142 2340 ad
175 2301 311 2342 solum
342 2302 516 2342 verbum
555 2314 703 2354 regens
744 2293 996 2356 pertinere'‚
1037 2313 1292 2354 quamquam
1335 2302 1422 2354 ipse
1463 2302 1713 2355 interpreta-

86 2370 215 2412 tionis
248 2384 384 2413 errore
418 2372 568 2413 ductus
601 2373 756 2413 Mureti
794 2372 898 2413 illud
935 2364 1056 2434 (quo⁵
1104 2372 1264 2425 probat.
1334 2374 1393 2413 Ac
1434 2384 1507 2425 per
1548 2385 1590 2413 se
1629 2385 1712 2413 non

87 2441 272 2482 multum
306 2442 444 2491 refert,
479 2445 621 2483 utrum
657 2443 791 2505 (quod
823 2436 958 2496 potui’
995 2441 1202 2483 referatur
1234 2442 1285 2483 ad
1318 2442 1443 2483 verba
1479 2455 1711 2503 ι1111111113..

88 2504 297 2553 redditur'
335 2525 398 2562 an,
432 2513 542 2565 quod
575 2513 786 2566 Rossberg
827 2514 1113 2555 demonstrare
1156 2518 1330 2554 conatus
1374 2515 1438 2553 est
1469 2512 1525 2553 N
1558 2512 1709 2555 Jahrb.

91 2587 186 2624 129.
222 2588 334 2625 1884
366 2596 403 2636 p.
437 2588 533 2631 648,
567 2583 619 2624 ad
650 2584 838 2637 proxima
870 2584 941 2624 illa
977 2583 1235 2645 tconfectum
1267 2575 1471 2624 carmine'
1516 2583 1593 2624 hoc
1624 2583 1709 2624 fere

84 2664 235 2694 sensu:
274 2654 502 2715 tquatenus
534 2654 652 2706 potui
685 2652 918 2695 conficere'.
983 2653 1063 2695 Sed
1102 2653 1232 2714 ‘quod
1264 2644 1399 2706 potui’
1436 2655 1547 2694 recte
1581 2655 1623 2694 et
1656 2653 1710 2693 ad

85 2721 211 2764 huius
242 2723 321 2764 loci
354 2724 607 2765 sententiam
640 2726 736 2778 apte
769 2725 849 2765 dici
882 2724 1010 2765 videri
1043 2724 1261 2765 adnotavit
1294 2723 1460 2764 Vahlen
1499 2724 1541 2763 in
1574 2723 1709 2764 indice

157 2803 191 2829 W
200 2810 215 2829 e
223 2803 240 2828 b
248 2811 262 2830 e
271 2811 284 2829 r
294 2824 300 2834 ,
321 2803 512 2834 Quaestiones
533 2803 722 2831 Catullianae.
1403 2794 1425 2827 ὅ
