2013 3223
809 141 1016 198 *Q—

219 262 341 303 Idem
379 262 540 303 factum
581 263 646 303 est
683 263 864 303 maxime
913 263 956 303 in
1000 263 1401 317 comparationibus,
1449 265 1566 306 velut
1612 267 1727 320 apud

105 331 352 385 Sophoclem
375 331 456 374 OC.
481 337 769 374 1239—1244
800 333 904 373 haec
935 335 1124 374 exstant:
1155 331 1198 374 ἐν
1230 322 1263 390 ᾧ
1291 333 1495 386 τλάμων
1525 328 1617 386 ὅδ’,
1649 335 1728 378 οὐκ

104 400 185 455 ἐγὼ
215 401 362 454 μόνος,
410 401 630 443 πάντοθεν
667 401 835 456 βόρειος
875 403 932 451 ὥς
972 418 1039 452 τις
1078 402 1189 443 ἀκτὰ
1219 403 1503 460 κυματοπλὴξ
1530 403 1726 460 χειμερία

102 471 328 522 κλονεῖται,
379 470 436 521 ὣς
481 470 556 513 καὶ
601 471 758 513 τόνδε
804 464 905 513 κατ’
940 471 1076 527 ἄκρας
1121 471 1255 514 δειναὶ
1295 477 1580 528 κυματοαγεῖς
1620 472 1726 517 ἆταί

101 540 341 583 κλονέουσιν
377 540 443 582 ἀεὶ
484 540 705 591 ξυνοῦσαι·
752 542 824 583 ubi
855 542 1003 583 Nauck
1041 544 1136 595 apte
1177 544 1356 584 contulit
1393 544 1514 585 Hom.
1546 546 1589 585 A
1615 551 1724 588 433:

108 605 284 667 Τρῶες
315 604 375 661 ὁ),
408 612 466 661 ὥς
496 603 542 652 τ’
567 608 652 660 ὄιες
683 611 994 665 πολυπάμονος
1025 612 1176 668 ἀνδρὸς
1207 612 1250 654 ἐν
1275 612 1386 670 αὐλῇ
1415 612 1566 669 μυρίαι
1599 612 1725 672 ἑστή-

101 695 227 723 κασιν
257 680 538 735 ἀμελγόμεναι
570 681 681 736 γάλα
713 682 872 733 λευκόν,
905 682 1055 739 ἀζηχὲς
1084 685 1334 736 μεμακυῖαι,
1368 683 1599 726 ἀκούουσαι
1631 683 1724 726 ὅπα

101 750 248 805 ἀρνῶν,
281 750 338 801 ὣς
364 752 554 807 Τρώων
585 752 798 808 ἀλαλητὸς
820 752 898 793 ἀνὰ
919 753 1102 806 στρατὸν
1122 752 1240 809 εὐρὺν
1261 752 1424 809 ὀρώρει,
1458 755 1563 796 adde
1591 771 1613 795 ν
1642 761 1693 798 81
1712 769 1726 796 z

101 823 126 878 ἡ
177 813 221 863 ὁ)
277 823 350 876 (=
372 823 495 878 νηῦς),
529 823 586 872 ὥς
616 815 658 863 τ’
684 855 692 863 .
715 855 723 863 .
745 855 776 873 .,
809 821 867 872 ὣς
898 821 982 878 ἄρα
1018 831 1115 879 τῆς
1145 823 1315 880 πρύμνη
1353 823 1430 877 μὲν
1461 822 1624 880 ἀείρετο
1656 858 1665 866 .
1685 858 1694 866 .

103 891 185 933 Sed
217 905 266 933 ea
298 894 513 933 structura
545 905 568 933 a
600 893 735 946 priore
768 893 866 933 talis
900 894 1108 934 enuntiati
1139 897 1271 947 parte,
1311 908 1394 935 non
1427 907 1451 936 a
1481 897 1726 948 posteriore,

100 964 150 1004 ut
180 963 305 1015 vulgo
346 963 414 1012 fit,
458 964 638 1016 spectari
679 963 813 1004 debet.
876 963 1066 1004 Conexus
1101 965 1212 1004 enim
1243 977 1385 1005 rerum
1419 967 1460 1006 et
1491 967 1615 1006 unius
1649 967 1725 1007 ali-

102 1033 219 1073 cuius
259 1033 438 1073 notionis
479 1033 704 1085 praecipua
742 1033 804 1073 vis
843 1033 886 1073 in
925 1034 990 1073 his
1031 1034 1132 1074 locis
1170 1035 1381 1087 postulat,
1427 1037 1475 1076 ut
1520 1036 1563 1076 in
1603 1037 1723 1078 initio

100 1103 231 1143 totius
276 1102 435 1155 periodi
481 1103 533 1143 ad
566 1115 658 1143 eam
698 1115 788 1143 rem
819 1103 1095 1156 prodendam,
1136 1104 1185 1145 de
1229 1117 1312 1156 qua
1344 1105 1526 1155 dicatur,
1574 1108 1723 1148 statim

98 1184 251 1213 nomen
273 1172 441 1224 aliquod
474 1173 708 1222 collocetur,
742 1173 814 1213 sed
837 1174 936 1225 quia
968 1175 1145 1227 scriptor
1167 1176 1336 1216 veretur
1359 1188 1503 1217 casum
1536 1178 1722 1230 aliquem

100 1242 317 1294 obliquum
348 1255 546 1295 reponere
579 1243 705 1283 nimis
739 1255 763 1283 a
795 1244 918 1284 verbo
953 1244 1186 1285 dominanti
1217 1248 1439 1295 remotum,
1471 1249 1615 1300 utpote
1650 1249 1723 1300 qui

97 1324 172 1365 per
209 1325 252 1353 se
292 1313 433 1353 minus
476 1313 717 1366 spectabilis
758 1314 972 1363 videatur,
1019 1315 1170 1356 idcirco
1218 1329 1307 1357 rem
1344 1318 1510 1358 nomine
1544 1330 1618 1359 suo
1651 1331 1723 1372 ap-

98 1383 239 1436 pellat,
288 1383 398 1435 quod
443 1396 597 1424 nomen
644 1386 693 1424 ut
735 1386 973 1425 structurae
1017 1386 1169 1426 rationi
1202 1386 1337 1427 denuo
1372 1389 1723 1438 accommodetur,

97 1455 243 1506 postea
275 1455 406 1494 curat.
468 1453 600 1493 Paulo
641 1454 890 1494 insolentius
923 1458 965 1495 et
997 1455 1191 1496 licentius
1234 1469 1281 1496 ac
1313 1459 1455 1498 tamen
1489 1459 1720 1500 secundum

97 1526 296 1563 naturam
343 1522 574 1564 formatum
612 1523 654 1563 id
696 1525 976 1565 anacoluthon
1017 1525 1126 1578 apud
1158 1526 1390 1567 Homerum
1423 1529 1506 1577 est,
1555 1529 1663 1581 quod
1697 1541 1721 1570 a

100 1593 301 1646 Sophocle
344 1594 557 1645 eleganter
596 1594 808 1634 mollitum
841 1597 923 1643 est,
973 1596 1070 1647 quia
1103 1597 1218 1636 verbi
1250 1597 1398 1649 prioris
1433 1598 1566 1639 forma
1600 1599 1721 1661 (κλο-

98 1655 250 1705 νεῖται’
286 1665 455 1716 propter
487 1664 769 1704 collocationis
792 1665 1052 1706 vicinitatem
1084 1678 1166 1706 non
1199 1670 1408 1720 repugnat
1440 1670 1721 1717 nominativo;

99 1733 243 1774 eodem
284 1734 566 1774 collocationis
606 1734 834 1775 lenimento
876 1747 1001 1776 usum
1043 1748 1133 1777 esse
1175 1738 1366 1778 videmus
1399 1739 1721 1792 Xenophontem

101 1804 216 1844 Hier.
247 1803 309 1843 IV
346 1809 390 1845 6:
424 1805 568 1858 ὥσπερ
602 1801 640 1844 οἳ
678 1803 869 1860 ἀθληταὶ
898 1803 971 1856 οὔχ
998 1805 1100 1846 ὅταν
1130 1803 1314 1848 ἰδιωτῶν
1345 1806 1547 1861 γένωνται
1579 1807 1721 1864 κρείτ-

97 1888 206 1924 τους,
239 1880 362 1915 τοῦτο
395 1872 548 1923 αὐτοὺς
578 1872 807 1929 εὖφραίνει,
841 1867 936 1915 ἀλλ’
963 1875 1065 1916 ὅταν
1096 1885 1181 1917 τῶν
1203 1876 1526 1932 ἀνταγωνιστῶν
1559 1880 1719 1935 ἥττους,

96 1936 216 1985 τοῦτ’
243 1942 395 1993 αὐτοὺς
426 1943 548 1999 ἀνιᾷ·
596 1945 704 1985 οὕτω
746 1944 819 1986 καὶ
851 1945 874 1986 ὁ
906 1946 1118 1999 τύραννος,
1151 1947 1254 1988 ὅταν
1285 1980 1294 1988 .
1314 1980 1322 1988 .
1342 1980 1365 1998 .,
1408 1941 1504 1990 τότ’
1539 1948 1720 2005 εὐφραί-

96 2029 232 2063 νεται,
274 2006 374 2055 ἀλλ’
409 2014 511 2055 ὅταν
543 2046 551 2054 .
571 2046 579 2055 .
599 2047 621 2065 .,
652 2014 789 2070 τούτῳ
821 2015 1044 2067 λυπεῖται,
1091 2017 1246 2058 ibidem
1278 2018 1340 2058 VI
1375 2025 1448 2060 15:
1489 2020 1633 2075 ὥσπερ
1676 2036 1722 2074 γε

96 2083 171 2126 καὶ
192 2085 335 2134 ἵππος
356 2081 394 2126 εὶ
415 2083 583 2139 ἀγαθὸς
612 2083 690 2137 μὲν
719 2081 797 2141 εἴη,
830 2087 1012 2142 φοβερὸς
1045 2086 1102 2137 δέ,
1134 2088 1191 2143 μὴ
1225 2087 1451 2144 ἀνήκεστόν
1482 2105 1524 2131 τι
1546 2091 1718 2146 ποιήσῃ,

92 2154 293 2207 χαλεπῶς
323 2154 400 2207 μὲν
430 2154 480 2195 ἄν
510 2170 577 2204 τις
608 2153 736 2197 αὐτὸν
756 2155 1010 2197 ἀποκτείναι
1044 2157 1117 2198 διὰ
1148 2159 1222 2214 τὴν
1253 2158 1414 2214 ἀρετήν,
1443 2159 1644 2211 χαλεπῶς
1672 2160 1720 2202 δὲ

96 2224 222 2276 ζῶντι
251 2225 400 2282 χρῷτο,
434 2257 443 2266 .
462 2257 470 2266 .
490 2259 497 2266 .
517 2258 525 2266 .

213 2296 292 2336 His
332 2297 463 2348 igitur
501 2296 589 2337 eius
630 2309 732 2338 usus
772 2298 969 2351 exemplis
1012 2298 1274 2340 Catullianae
1324 2302 1561 2341 structurae
1610 2302 1720 2342 ratio

96 2365 300 2406 firmatur.
361 2366 426 2407 Ibi
464 2367 631 2408 nullum
673 2370 737 2408 est
770 2369 1052 2409 anacoluthon
1094 2369 1182 2410 eius
1224 2370 1437 2417 licentiae,
1483 2384 1557 2424 per
1590 2384 1718 2424 quam

97 2448 218 2477 casus
260 2437 311 2477 ab
350 2449 396 2477 eo
439 2438 511 2489 qui
543 2450 567 2478 a
598 2438 713 2479 verbi
753 2439 935 2480 rectione
970 2440 1149 2492 exigitur
1182 2440 1372 2482 diversus
1405 2441 1617 2483 adhibitus
1651 2443 1718 2492 sit,

97 2505 170 2547 sed
202 2507 384 2548 ambitus
417 2508 502 2548 sive
535 2508 693 2561 periodi
724 2508 858 2550 forma
890 2510 1112 2562 paululum
1143 2512 1311 2552 tantum
1352 2524 1376 2552 a
1407 2513 1571 2564 vulgari
1602 2525 1718 2554 more

97 2576 342 2626 declinatur,
375 2590 503 2630 quam
533 2578 712 2620 formam
743 2581 1028 2621 membrorum
1060 2581 1270 2622 distinctio
1309 2583 1387 2623 coli
1420 2583 1529 2634 quod
1561 2583 1718 2624 dicitur

97 2647 214 2699 signo
254 2647 366 2688 facta
406 2649 620 2690 commode
661 2650 710 2690 ob
750 2651 1058 2703 oculos-ponit,
1100 2664 1183 2704 qua
1222 2652 1267 2692 L.
1309 2653 1462 2693 Miiller
1502 2666 1604 2694 usus
1639 2655 1716 2694 est.

98 2716 180 2758 Sed
219 2720 424 2760 commate
466 2722 634 2760 tantum
674 2722 770 2773 post
803 2720 1016 2772 flayellum
1057 2735 1093 2762 v.
1127 2727 1180 2764 52
1226 2723 1572 2776 distinguendum
1614 2726 1717 2764 erat.

94 2787 216 2829 Unus
264 2789 375 2830 enim
423 2791 487 2830 est
532 2790 693 2832 duobus
733 2792 933 2832 membris
975 2792 1231 2834 secundariis
1273 2806 1322 2834 ex
1363 2806 1496 2847 aequo
1529 2794 1639 2835 inter
1672 2807 1717 2835 se
