2013 3223
873 133 925 171 33

542 256 665 299 viden
693 259 741 296 ut
762 257 998 308 perniciter
1027 257 1242 298 exiluere?

90 332 362 375 confirmatur
401 329 505 370 illud
543 328 705 382 puellas
746 340 910 380 quoque
954 328 1192 377 surrexisse,
1233 330 1343 369 certe
1377 352 1430 358 —
1463 330 1511 369 ut
1542 329 1701 382 opinari

90 403 188 444 licet
218 400 435 441 iuvenibus
471 423 522 427 —
553 411 636 439 non
669 398 756 438 sine
790 398 931 450 aliqua
963 410 1100 439 causa.

206 471 377 511 Puellae
409 469 538 521 igitur
568 468 653 508 iam
684 467 738 521 (v.
772 467 814 520 9)

559 540 708 578 canent
741 537 849 589 quod
880 538 1010 579 visere
1035 551 1123 590 par
1155 541 1223 579 est.

87 613 171 653 Eas
194 612 434 652 cantatur-as
468 621 557 650 esse
580 609 604 648 i.
628 620 660 649 e.
683 609 894 649 certamen
924 608 1163 662 incepturas
1196 621 1285 649 esse
1319 609 1556 661 exspectare
1584 620 1696 648 nunc

86 683 207 729 licet3
240 681 312 722 sed
345 682 447 722 cur‘?
481 681 555 720 aut
587 691 670 731 qua
701 691 745 720 re
778 680 1039 720 commotas?

203 751 390 792 Dubium
431 750 541 791 enim
582 749 769 797 videtur,
810 751 954 790 utrum
986 749 1089 790 illud
1130 748 1241 801 quod
1271 749 1504 790 coniunctio
1546 749 1599 790 sit
1638 761 1692 790 an

86 823 312 864 relativum
343 832 583 874 pronomen.
644 821 704 861 Ac
736 820 820 860 sive
853 820 931 860 hac
962 820 1128 860 notione
1151 820 1235 860 sive
1268 820 1339 860 illa
1362 820 1578 875 acceperis,
1611 820 1698 860 tra-

85 893 217 934 ditam
239 892 501 945 scripturam,
534 891 672 942 inquit
692 890 918 938 Baehrens,
950 902 1071 930 nemo
1094 889 1280 930 defendit
1299 891 1466 943 praeter
1488 890 1694 938 Ellisium,

86 963 159 1016 qui
189 963 298 1003 male
330 962 632 1013 interpretatur
657 960 786 1021 tquod
809 960 983 1012 dignum
1015 961 1079 1000 est
1102 959 1210 1011 quod
1233 953 1516 1012 respiciatur'.
1578 960 1695 1001 Alter

84 1035 227 1074 tamen
266 1045 397 1085 nuper
438 1031 629 1078 accessit,
670 1030 740 1082 qui
783 1042 874 1070 eam
917 1029 1186 1077 defendebat,
1230 1022 1459 1091 ‘Lupulus‘
1513 1030 1694 1082 quidam,

82 1103 151 1143 cui
180 1101 337 1155 placuit
368 1100 593 1152 aliquando
635 1102 684 1140 ut
725 1100 766 1139 in
800 1112 841 1140 re
875 1101 963 1140 tam
996 1099 1077 1140 levi
1108 1100 1316 1151 incognito
1348 1101 1513 1141 nomine
1545 1100 1587 1140 in
1618 1114 1695 1153 pu—

80 1172 238 1213 blicum
269 1171 431 1224 prodire
465 1169 513 1211 cf.
545 1169 705 1209 Archiv
735 1169 809 1221 fiir
847 1168 917 1209 lat.
951 1168 1169 1220 Lexikoqr.
1214 1169 1279 1210 ΙΠ
1328 1183 1365 1223 p.
1409 1175 1487 1212 561
1504 1182 1583 1223 sq„
1623 1170 1694 1223 qui

82 1242 273 1283 similiter
305 1241 483 1294 explicat
515 1239 760 1291 aufmerken
791 1240 879 1291 auf.

201 1311 282 1353 Sed
312 1312 467 1351 mirum
499 1310 629 1350 videri
662 1310 784 1351 debet
814 1310 937 1357 illud,
971 1310 1080 1362 quod
1113 1322 1211 1350 sane
1243 1310 1476 1351 mirabatur
1507 1310 1691 1351 Pleitner

82 1383 107 1423 L
140 1395 172 1423 c.
202 1395 240 1435 p.
273 1387 338 1430 63,
370 1393 451 1421 non
482 1381 621 1421 mirati
655 1383 754 1420 sunt
786 1381 864 1420 alii.
926 1381 1018 1420 Etsi
1051 1381 1161 1421 enim
1192 1393 1321 1421 novae
1354 1383 1507 1434 nuptae
1541 1381 1694 1422 adven-

81 1454 150 1493 tus
182 1452 389 1492 indicatus
428 1452 491 1491 est
523 1451 564 1490 in
597 1464 633 1491 v.
667 1456 692 1491 4
724 1463 805 1491 non
842 1443 1151 1512 ‘sollemnibus'
1188 1451 1373 1503 quidem,
1415 1453 1459 1492 at
1490 1453 1600 1492 certe
1632 1451 1692 1492 di-

78 1523 202 1563 sertis
253 1521 407 1570 verbis,
468 1521 585 1561 cuius
637 1522 806 1573 propter
858 1521 1084 1561 adventum
1137 1523 1423 1574 exspectatum
1475 1522 1687 1574 utrimque

79 1604 249 1633 mensae
279 1592 540 1643 linquuntur,
580 1603 790 1643 nusquam
823 1593 964 1632 tamen
998 1604 1045 1632 ea
1077 1591 1292 1632 advenisse
1324 1592 1487 1632 dicitur.
1549 1591 1688 1642 Quid?

76 1663 335 1715 hymenaeus
379 1662 562 1714 primum
604 1661 876 1702 denuntiatur
914 1663 956 1702 in
997 1662 1243 1703 deductione
1283 1664 1439 1715 nuptae
1478 1662 1688 1711 dicendus,

78 1734 172 1773 tum
210 1732 297 1785 ipse
330 1731 481 1772 dicitur
511 1744 584 1784 per
616 1733 845 1780 certamen,
888 1744 964 1773 nec
996 1734 1138 1773 tamen
1171 1733 1289 1773 adest
1320 1735 1462 1786 nupta,
1495 1733 1613 1773 cuius
1645 1734 1688 1773 in

77 1803 277 1843 honorem
317 1801 455 1842 omnia
492 1803 725 1854 parantur?
787 1801 913 1842 Porro
946 1803 1156 1843 certamen
1189 1803 1332 1843 finitur
1365 1805 1490 1855 atque
1523 1803 1564 1843 in
1596 1803 1685 1856 ipso

78 1873 191 1913 exitu
213 1872 416 1925 poematis
438 1883 549 1912 nova
579 1873 712 1923 nupta
744 1871 990 1912 admonetur
1022 1874 1070 1912 ut
1100 1884 1308 1925 praesens,
1339 1885 1474 1925 neque
1508 1885 1688 1925 usquam

77 1944 201 1983 antea
232 1941 280 1982 fit
311 1942 399 1982 eius
432 1941 637 1982 adventus
669 1942 837 1982 mentio.
878 1942 971 1982 Iam
1005 1942 1075 1994 qui
1106 1942 1208 1982 nihi]
1243 1943 1531 1995 cogitaverunt
1558 1944 1686 1984 inter-

75 2013 213 2065 pretes
252 2024 325 2065 per
365 2024 494 2064 vagae
535 2012 797 2064 cogitationis
847 2012 1059 2052 licentiam
1099 2012 1310 2064 quandam
1357 2013 1560 2054 inlicitam
1606 2014 1684 2067 ipsi

72 2082 286 2123 finxerunt
318 2094 413 2122 eum
447 2081 678 2122 adventum
710 2094 920 2134 nusquam
943 2085 1315 2124 commemoratum
1348 2096 1441 2124 vere
1475 2084 1684 2133 accidisse,

73 2153 192 2193 velut
233 2164 364 2205 nuper
405 2164 571 2204 quoque
619 2165 700 2193 non
743 2153 921 2193 miratus
963 2153 1071 2194 hanc
1110 2155 1255 2206 poetae
1296 2154 1506 2194 inscitiam
1548 2154 1683 2194 Bonin

72 2223 99 2263 l.
131 2235 164 2263 c.
196 2236 234 2275 p.
267 2229 303 2264 8.

191 2292 399 2333 Nimirum
442 2305 583 2333 omnes
626 2293 808 2346 undique
849 2296 1055 2346 quotquot
1093 2296 1192 2334 sunt
1231 2294 1481 2347 interpretes
1504 2308 1594 2346 par
1625 2297 1683 2335 est

69 2362 322 2414 intellegunt
357 2357 585 2424 ‘convenit’
629 2364 713 2404 sive
749 2376 949 2425 <aequum
982 2355 1079 2404 est'.
1140 2366 1200 2404 Ac
1245 2364 1372 2405 nullis
1421 2365 1680 2413 coniecturis,

68 2445 178 2485 quae
209 2433 368 2473 multae
399 2435 586 2474 tentatae
621 2436 730 2480 sunt,
761 2434 803 2474 id
835 2434 1001 2486 assequi
1034 2436 1260 2487 potuerunt
1295 2435 1372 2475 viri
1404 2435 1523 2484 docti,
1571 2436 1681 2487 quod

70 2515 215 2543 revera
265 2503 384 2555 quasi
430 2503 568 2544 festivi
615 2504 789 2545 alicuius
838 2504 1084 2556 aenigmatis
1131 2505 1311 2558 speciem
1353 2518 1450 2558 prae
1498 2519 1540 2547 se
1588 2506 1681 2547 fert.

71 2572 233 2626 Nempe
268 2585 356 2624 par
390 2575 454 2614 est
484 2574 586 2614 nihil
620 2574 733 2615 aliud
764 2575 844 2615 nisi
876 2575 1100 2627 coniugum
1138 2587 1213 2628 par
1244 2588 1399 2616 novum
1437 2577 1521 2617 sive
1553 2577 1681 2617 mari-

69 2644 139 2683 tus
187 2655 282 2684 cum
327 2655 434 2684 nova
478 2645 631 2697 nupta,
679 2644 788 2696 quod
829 2647 877 2685 ut
923 2657 1142 2685 commune
1189 2646 1439 2686 vocabulum
1485 2646 1680 2687 exhibent

69 2711 212 2754 Cicero
244 2713 292 2754 de
326 2715 408 2766 opt.
439 2726 530 2766 gen.
562 2727 617 2754 or.
650 2715 672 2766 ξ
707 2721 756 2756 17
788 2713 1075 2766 yladiatorum
1096 2728 1187 2766 par
1216 2714 1539 2769 nobilissimum,
1571 2716 1678 2757 Phil.

68 2782 129 2823 XI
161 2787 184 2823 2
215 2782 426 2835 yeminum
456 2784 504 2824 in
523 2783 670 2825 scelere
699 2798 794 2836 par,
826 2785 939 2826 Lael.
971 2791 1009 2834 4,
1044 2790 1095 2827 15
1127 2785 1213 2826 tria
1236 2787 1311 2826 aut
1331 2788 1528 2838 quattuor
1543 2786 1679 2838 paria

143 2862 174 2888 W
183 2862 220 2889 eb
230 2871 244 2889 e
253 2871 265 2889 r
273 2884 279 2893 .
300 2863 490 2894 Quaestiones
510 2864 701 2890 Catullianae.
1376 2856 1397 2889 3
