2013 3223
1010 200 1021 201 1
1068 143 1138 201 1581

280 267 347 307 Ac
379 266 429 307 de
461 267 649 319 legitima
681 268 834 308 vocalis
867 268 1015 319 longae
1049 267 1218 309 elisione
1250 268 1293 308 in
1327 281 1372 309 eo
1405 269 1605 309 vocabulo
1627 270 1914 322 monosyllabo

285 337 405 377 nulla
438 339 502 378 est
534 337 750 385 dubitatio,
785 338 982 389 quoniam
1015 350 1038 378 a
1073 337 1260 388 Catullo,
1293 339 1364 390 qui
1405 339 1592 380 duriores
1635 340 1801 380 omnino
1842 340 1915 381 eli-

286 407 424 447 siones
459 407 629 447 admisit
661 407 726 459 (cf.
761 408 815 448 M.
849 408 995 461 Haupt
1036 421 1096 461 op.
1135 408 1156 449 Ι
1197 422 1233 462 p.
1277 415 1343 451 88.
1389 409 1552 462 90sq.),
1593 410 1826 459 eliduntur,
1866 411 1915 451 ut

285 477 324 518 J.
358 477 582 518 Baumann
615 478 657 517 in
689 491 824 530 progr.
863 479 1118 531 Landsberg.
1155 486 1262 521 1881
1307 493 1344 532 p.
1386 480 1488 520 XXI
1529 480 1782 529 observavit,
1820 492 1916 533 par-

285 548 439 588 tieulae
481 561 585 596 cum,
620 548 730 597 dum,
763 548 863 598 iam,
896 562 1010 597 nam,
1043 563 1193 601 quam,
1223 553 1332 599 tum,
1374 563 1448 599 ne,
1486 550 1545 597 si;
1588 550 1636 591 cf.
1677 550 1721 591 L.
1762 551 1915 591 Miiller

284 618 336 658 de
370 631 399 658 r.
432 631 486 658 m.
519 631 555 670 p.
591 624 686 659 283.
720 624 802 660 297
817 631 907 671 sqq.
969 619 1208 661 Permultas
1243 623 1385 661 autern
1418 621 1610 661 elisiones
1643 621 1685 661 in
1716 621 1794 662 hoc
1825 621 1914 674 ipso

277 688 468 729 carmine
502 689 711 730 adhibitas
755 702 845 730 esse
886 690 1023 730 Bonin
1062 691 1086 731 l.
1131 704 1162 732 c.
1195 704 1232 744 p.
1279 697 1331 732 13
1375 692 1692 741 animadvertit,
1724 692 1842 732 velut
1871 692 1915 732 in

283 759 423 810 quinti
456 759 574 812 pedis
606 760 743 812 priore
776 761 896 813 parte
940 761 1111 801 eliditur
1151 761 1314 814 syllaba
1355 762 1398 801 in
1436 775 1479 802 m
1520 763 1660 802 exiens
1700 763 1743 802 in
1785 775 1819 803 v,
1860 767 1914 804 50

282 829 429 869 mitem
461 829 612 870 educat
642 843 770 871 uvam
801 831 988 883 itemque
1021 831 1125 872 illud
1156 831 1195 871 si
1226 832 1269 871 in
1292 845 1323 873 c.
1347 832 1501 872 LXXV
1528 838 1551 874 3
1575 832 1614 872 si
1636 831 1795 883 optima
1815 831 1915 883 fias.

402 900 458 940 Et
491 901 689 953 quoniam
723 902 854 942 semel
886 902 1089 943 librorum
1114 902 1450 944 Catullianorum
1483 903 1712 944 auctoritas
1744 902 1812 943 hic
1845 901 1917 943 ad-

282 970 417 1011 hibita
451 974 537 1021 est,
572 972 726 1013 attinet
756 985 869 1013 nunc
910 973 1014 1013 illud
1050 985 1215 1025 quoque
1258 972 1425 1022 afferre,
1468 973 1578 1026 quod
1619 985 1718 1014 sane
1758 985 1917 1014 memo-

282 1042 415 1082 rabile
459 1044 543 1091 est,
584 1056 758 1084 manum
799 1043 917 1084 illam
957 1056 1031 1097 per
1079 1057 1106 1096 g
1148 1044 1427 1096 significatam
1468 1044 1520 1085 ad
1562 1056 1732 1085 versum
1776 1049 1826 1084 11
1872 1043 1916 1083 in

281 1113 473 1165 margine
508 1114 657 1154 codicis
683 1114 720 1155 G
754 1114 962 1155 addidisse
990 1113 1149 1164 Paene,
1185 1127 1209 1155 a
1242 1127 1325 1167 qua
1358 1115 1704 1156 adnotatiuncula
1735 1127 1813 1156 nec
1845 1114 1916 1155 alii

281 1184 504 1236 hucusque
547 1184 717 1225 deducti
771 1187 871 1226 sunt
919 1186 970 1226 ad
1018 1198 1162 1226 veram
1203 1186 1513 1238 responsionem
1558 1186 1755 1227 carminis
1795 1184 1915 1225 LXII

282 1255 605 1304 restituendam,
639 1268 746 1307 quae
781 1269 908 1309 supra
940 1257 1154 1309 proposita
1187 1258 1262 1306 est,
1294 1269 1429 1308 neque
1464 1269 1539 1308 ego
1570 1257 1659 1309 ipse
1700 1256 1913 1310 profectus

281 1325 335 1366 ad
369 1326 446 1366 hoc
468 1326 689 1367 inventum
711 1327 870 1367 deveni.
921 1327 1021 1368 Sero
1055 1327 1167 1368 enim
1199 1340 1293 1368 earn
1317 1327 1698 1368 animadverteram
1730 1328 1915 1380 primum

281 1396 325 1436 in
359 1396 573 1438 Schwabei
605 1397 784 1438 editione
817 1398 952 1451 priore
986 1411 1023 1451 p.
1059 1404 1141 1440 194
1175 1399 1308 1439 altera
1340 1400 1433 1438 tum
1464 1398 1651 1439 nondum
1692 1399 1735 1438 in
1775 1399 1914 1439 lucem

281 1467 406 1508 edita.
470 1468 649 1509 Additae
683 1470 826 1509 autem
867 1470 966 1510 sunt
1008 1470 1115 1510 tales
1156 1471 1279 1510 notae
1322 1469 1373 1509 ad
1412 1469 1552 1519 initia,
1597 1481 1703 1521 quae
1745 1469 1915 1521 quidem

281 1538 569 1587 habebantur,
616 1539 881 1591 singularum
922 1540 1213 1593 stropharum,
1256 1540 1307 1580 ad
1349 1553 1386 1580 v.
1429 1546 1449 1580 1
1499 1540 1656 1601 tTurba
1693 1531 1915 1589 virorum²,

281 1621 319 1649 v.
355 1614 377 1650 6
417 1601 612 1669 ‘Puelless
645 1623 680 1650 v.
725 1616 775 1651 11
826 1602 1031 1672 cPuelle',
1073 1624 1109 1651 v.
1152 1616 1206 1652 20
1251 1602 1458 1672 (Puelless
1498 1624 1534 1651 v.
1580 1616 1631 1652 26
1679 1601 1914 1672 εΙι1νο1103’,

281 1692 317 1720 v.
353 1685 405 1721 32
444 1671 626 1741 (Puelle'
665 1704 717 1709 —-
751 1681 818 1722 1110
851 1681 961 1721 enim
994 1693 1140 1722 versus
1173 1693 1283 1721 unus
1307 1693 1355 1722 ex
1377 1681 1570 1722 omnibus
1594 1694 1694 1722 suae
1718 1682 1914 1734 strophae

281 1752 478 1791 servatus
512 1752 728 1803 sequentis
763 1764 929 1804 quoque
964 1752 1161 1804 strophae
1194 1753 1314 1805 parte
1348 1752 1492 1804 aliqua
1524 1752 1680 1793 amissa
1711 1752 1755 1792 in
1796 1752 1914 1793 initio

280 1834 416 1863 novae
465 1823 642 1863 alicuius
692 1823 888 1876 strophae
936 1823 1098 1876 positus
1152 1823 1374 1864 videbatur
1418 1848 1492 1872 —,
1535 1837 1570 1864 v.
1615 1829 1668 1866 39
1714 1815 1914 1884 (Puelle',

281 1906 318 1933 v.
352 1898 405 1935 49
443 1885 686 1955 (Iuvenes'3
721 1894 839 1934 deest
870 1896 971 1934 nota
1004 1894 1056 1934 ad
1078 1894 1274 1935 ultimam
1298 1895 1526 1948 stropham,
1560 1907 1656 1935 011111
1690 1896 1732 1935 et
1752 1894 1914 1948 primus

280 1964 407 2005 huius
450 1965 646 2017 strophae
696 1977 843 2005 versus
886 1966 928 2005 et
976 1966 1072 2005 ante
1119 1965 1233 2005 hunc
1272 1965 1547 2018 ephymnium
1589 1977 1755 2017 quoque
1797 1967 1914 2006 ante-

282 2035 471 2076 cedentis
504 2048 553 2076 ea
584 2036 737 2076 lacuna
759 2036 914 2076 hausta
937 2036 1031 2076 sint.
1080 2036 1158 2076 Est
1189 2048 1285 2076 vero
1318 2036 1421 2076 haec
1461 2036 1675 2076 adnotatio
1708 2048 1728 2076 e
1761 2048 1912 2088 genere

282 2106 499 2158 signorum
532 2119 688 2155 eorum,
722 2107 873 2158 quibus
906 2107 973 2147 vel
1004 2107 1115 2147 vocis
1148 2107 1274 2147 unius
1307 2119 1539 2159 versusque
1559 2107 1712 2148 lacuna
1732 2107 1799 2147 vel
1818 2106 1914 2148 novi

282 2177 481 2217 carminis
515 2178 694 2226 initium,
727 2178 799 2218 ubi
830 2178 997 2218 nullum
1030 2179 1095 2218 est
1126 2179 1268 2218 textus
1301 2178 1592 2227 interstitium,
1624 2178 1667 2218 in
1700 2177 1838 2218 codice
1869 2177 1914 2218 M

280 2247 514 2295 indicetur;
548 2261 655 2301 quae
689 2249 808 2301 signa
842 2261 939 2289 eum
970 2249 1189 2289 librarium
1222 2249 1305 2289 iam
1338 2249 1379 2288 in
1414 2261 1459 2289 eo
1494 2261 1619 2301 quem
1653 2249 1915 2290 describebat

280 2318 436 2359 librum
469 2319 689 2368 invenisse,
721 2319 817 2360 inde
852 2331 1065 2372 apparere,
1100 2319 1209 2371 quod
1242 2331 1339 2372 pars
1373 2332 1518 2360 eorum
1549 2320 1591 2359 in
1625 2319 1658 2361 O
1693 2320 1735 2360 et
1763 2318 1800 2360 G
1830 2331 1914 2360 non

281 2389 391 2430 desit
422 2392 533 2430 recte
566 2390 777 2431 concludit
807 2390 858 2431 K.
891 2390 935 2430 Ρ.
970 2390 1146 2431 Schulze
1179 2391 1203 2430 l.
1238 2403 1269 2431 0.
1302 2403 1339 2443 p.
1375 2395 1469 2432 587.
1517 2390 1654 2442 Igitur
1676 2402 1725 2430 ea
1748 2401 1912 2442 quoque

281 2472 306 2500 a
339 2460 476 2501 codice
500 2461 537 2500 V
561 2461 763 2513 originem
786 2461 963 2502 traxisse
996 2460 1220 2501 iudicanda
1253 2463 1363 2501 sunt.
1418 2460 1529 2511 Quin
1562 2473 1610 2501 ea
1643 2460 1912 2501 adnotatiun-

281 2531 390 2579 cula,
424 2532 533 2572 sicut
564 2532 704 2572 variae
737 2533 834 2573 illae
867 2532 1066 2573 lectiones
1100 2532 1264 2583 longius
1297 2532 1549 2585 repetendae
1588 2532 1688 2572 sunt
1720 2544 1741 2572 e
1774 2531 1912 2572 codice

280 2602 520 2655 archetypo,
553 2603 663 2643 unde
697 2603 922 2655 aliquando
956 2604 998 2643 et
1030 2602 1066 2641 V
1101 2602 1337 2655 descriptus
1371 2602 1452 2643 fuit
1484 2604 1526 2642 et
1559 2615 1607 2643 ea
1638 2614 1735 2655 pars
1759 2602 1911 2643 codicis

278 2672 482 2722 Thuanei,
516 2686 622 2725 quae
657 2673 816 2715 Catulli
857 2687 889 2714 c.
934 2673 1054 2714 LXII
1095 2674 1292 2714 continet.
1356 2672 1497 2723 Quid?
1542 2674 1577 2714 si
1608 2673 1826 2725 legebatur
1855 2672 1914 2713 ibi

275 2756 300 2783 e
332 2742 481 2794 qualis
512 2744 555 2784 in
587 2757 712 2785 versu
748 2752 812 2794 11,
847 2745 998 2797 quibus
1035 2736 1241 2806 ‘puellae'
1278 2745 1537 2785 utebantur?
