2013 3223
886 142 940 177 77-

101 263 240 315 αἴτως
271 262 450 321 φιλτέρη
482 261 624 319 ἀνδρί,
665 276 758 304 cum
791 264 1015 317 Thuringis
1050 264 1122 316 qui
1152 264 1316 317 proprie
1349 266 1391 305 et
1424 265 1638 307 dialectice
1673 266 1722 307 de

101 335 276 390 pulchra
317 335 459 387 aliqua
495 347 539 375 re
584 334 729 374 dicunt
770 333 850 374 das
889 334 945 374 ist
984 347 1070 374 nur
1107 333 1232 374 schim
1274 346 1349 374 nos
1392 336 1606 376 vertamus
1637 349 1724 376 nur

99 408 240 446 teurer
275 406 317 446 et
346 418 431 444 nur
462 402 740 456 anyenehmer
770 404 794 443 i.
827 416 860 444 e.
892 404 1035 444 minus
1069 403 1218 444 invisa.

217 475 354 528 Igitur
390 465 541 536 ‘paris'
577 474 741 514 conubii
783 476 824 514 et
860 467 1055 534 ‘maturi’
1092 474 1291 527 temporis
1334 475 1517 516 condicio
1549 489 1633 516 non
1664 476 1723 516 ita

100 559 198 591 cum
238 545 441 598 singulari
483 544 667 597 quadam
707 546 780 585 aut
819 545 1042 598 praecipua
1074 545 1114 585 vi
1156 546 1346 593 notat-ur,
1390 547 1438 585 ut
1478 548 1669 599 exempta
1701 558 1721 587 e

100 616 249 657 ceteris
282 615 605 663 condicionibus,
648 627 753 667 quae
787 615 961 667 cogitari
992 618 1179 668 possunt,
1222 627 1305 655 una
1338 615 1392 655 sit
1424 615 1488 655 his
1522 616 1722 668 opposita,

100 685 173 727 sed
212 687 335 739 poeta
376 697 470 725 eam
511 697 640 725 unam
679 687 721 725 et
760 685 892 725 solam
934 685 1116 738 speciem
1156 685 1340 733 conubii,
1391 697 1518 737 quam
1550 698 1624 738 per
1655 699 1721 727 res

100 756 327 796 attributas
360 755 567 803 describit,
610 757 658 795 ut
689 768 954 796 communem
989 755 1200 807 quandam
1232 757 1274 795 et
1305 756 1463 796 iustam
1504 756 1591 796 sine
1635 757 1722 797 ulla

98 827 370 880 oppositionis
403 826 442 866 vi
475 826 517 866 in
550 827 800 878 argumento
832 826 961 878 ponit,
996 825 1105 877 quod
1141 827 1438 877 argumentum
1473 838 1520 866 ea
1553 828 1723 868 tantum

98 897 190 950 ipsa
223 897 462 938 condicione
496 908 624 948 quam
657 895 795 948 prodit
826 895 977 935 nititur
1008 908 1085 936 nec
1117 896 1333 936 mutabilis
1367 896 1534 936 omnino
1566 897 1722 949 cogita—

99 968 170 1007 tur
202 969 277 1007 aut
310 979 333 1007 a
365 966 636 1007 fortuitarum
670 966 1083 1017 adventiciarumque
1116 978 1256 1006 rerum
1288 967 1491 1006 varietate
1524 966 1721 1019 pendens.

98 1037 208 1089 Ergo
247 1049 295 1077 ea
336 1037 536 1085 condicio,
580 1048 686 1088 quae
727 1036 992 1088 proponitur,
1035 1036 1084 1076 ab
1118 1037 1230 1075 omni
1271 1036 1527 1076 diversitatis
1560 1037 1720 1078 ratione

98 1107 288 1147 seiuncta
321 1109 385 1147 est
418 1106 649 1158 eademque
684 1108 748 1146 est
781 1108 942 1146 secreta
976 1106 1027 1146 ab
1061 1106 1151 1146 aliis
1185 1106 1505 1146 condicionibus.

214 1177 269 1217 Et
301 1178 365 1217 est
405 1188 453 1217 ea
491 1177 656 1217 omnino
698 1177 885 1216 omnium
926 1177 1158 1216 communis
1206 1177 1310 1217 ratio
1359 1176 1562 1217 eiusmodi
1611 1189 1721 1218 com-

95 1246 438 1299 prehensionum,
481 1259 586 1298 quae
628 1259 676 1287 ex
717 1246 935 1287 enuntiato
978 1248 1173 1287 constant
1214 1247 1431 1300 primario,
1474 1247 1540 1287 cui
1574 1259 1721 1288 secun-

97 1317 263 1357 darium
309 1317 547 1357 membrum
595 1329 668 1370 per
709 1317 813 1356 illud
859 1309 992 1378 ‘cum'
1040 1316 1248 1357 adscitum
1296 1317 1361 1357 vel
1409 1317 1617 1357 antecedit
1655 1318 1721 1358 vcl

97 1387 371 1435 subnectitur,
406 1390 448 1427 et
481 1399 573 1427 eam
607 1388 691 1427 vim
723 1387 881 1427 habent
913 1387 1231 1439 congruentiae3
1266 1387 1424 1427 scilicet
1456 1387 1497 1426 in
1528 1387 1607 1428 hac
1628 1388 1720 1441 ipsa

97 1458 372 1509 grammatica
405 1458 494 1498 eius
527 1459 766 1498 structurae
799 1460 951 1497 natura
986 1459 1028 1497 et
1051 1457 1358 1498 necessitudine
1392 1457 1464 1497 illa
1497 1457 1601 1497 ratio
1625 1470 1720 1498 con-

96 1527 221 1568 sistit.
286 1526 367 1569 Sed
401 1540 507 1579 quae
541 1528 718 1580 amplior
751 1530 814 1567 est
847 1527 895 1568 de
930 1528 1217 1568 coniunctione
1255 1519 1417 1587 ‘quom'
1456 1528 1644 1579 quaestio
1678 1530 1720 1569 et

95 1598 224 1639 latius
257 1598 454 1651 dispersa,
488 1610 536 1638 ea
569 1598 826 1650 singularem
860 1611 984 1638 suum
1017 1598 1204 1651 postulat
1238 1599 1385 1638 locum.
1448 1598 1511 1638 Ad
1544 1597 1583 1638 id
1608 1599 1720 1650 quod

95 1669 290 1709 volumus
323 1668 600 1709 evincendum
640 1669 743 1708 satis
777 1670 840 1708 est
873 1668 938 1709 hic
971 1668 1072 1708 illud
1106 1669 1293 1721 posuisse
1337 1680 1383 1708 ea
1422 1669 1717 1720 congruentiae

94 1739 274 1787 notione,
307 1750 412 1790 quae
446 1750 529 1778 una
553 1738 822 1790 significatur,
857 1738 959 1778 alias
983 1751 1126 1779 omnes
1159 1738 1418 1779 condiciones
1453 1741 1496 1779 et
1524 1739 1717 1788 rationes,

97 1821 204 1861 quae
227 1809 532 1849 intercedentes
566 1809 676 1848 inter
707 1809 783 1849 has
807 1808 911 1848 duas
936 1809 1118 1849 actiones
1143 1810 1315 1861 cogitari
1347 1809 1518 1861 possint,
1551 1809 1717 1849 omnino

94 1879 273 1919 omissas
305 1879 507 1931 relinqui;
543 1878 650 1931 quod
685 1882 894 1931 quatenus
927 1892 1038 1919 nunc
1071 1891 1238 1920 necesse
1281 1882 1346 1919 est
1379 1880 1481 1920 satis
1515 1880 1718 1929 firmatur,

93 1961 144 1990 ne
177 1949 254 1989 hoc
286 1949 372 1990 loco
404 1949 517 2001 longi
550 1949 693 1997 simus,
727 1962 775 1989 ea>
807 1946 899 1990 loci
921 1949 1148 1990 Catulliani
1180 1950 1522 2002 interpretatione
1556 1950 1621 1990 vel
1651 1951 1716 1991 his

94 2019 362 2072 paucissimis
405 2031 425 2060 e
466 2031 621 2071 magna
671 2020 956 2072 exemplorum
1005 2020 1276 2060 multitudine
1325 2020 1553 2072 excerptis:
1602 2020 1718 2061 velut

95 2089 250 2131 Caesar
281 2090 318 2130 b.
351 2102 387 2142 g.
420 2089 457 2128 V
493 2094 543 2130 21
581 2090 723 2130 scribit
763 2089 965 2142 oppidum
997 2090 1204 2131 Britanni
1246 2093 1412 2139 cocant,
1455 2103 1547 2130 cum
1586 2089 1717 2130 silvas

93 2159 319 2210 impeditas
350 2158 461 2201 vallo
484 2162 608 2211 atque
638 2160 754 2211 fossa
776 2160 1031 2209 munierunt,
1066 2161 1135 2200 ubi
1170 2161 1319 2222 <silvae
1352 2173 1435 2200 non
1468 2152 1712 2213 inipeditae'

93 2230 261 2270 omnino
292 2242 375 2270 non
406 2231 447 2270 in
481 2231 775 2283 cogitationem
810 2231 966 2271 cadunt
1000 2243 1227 2283 earumque
1260 2231 1436 2271 munitio
1470 2244 1493 2271 a
1516 2231 1715 2284 principio

93 2300 330 2342 excluditur
362 2301 412 2341 ab
445 2301 576 2354 ipsius
611 2301 824 2354 scriptoris
859 2303 1018 2347 mente;
1067 2302 1169 2341 item
1202 2302 1243 2341 in
1276 2302 1353 2342 hoc
1385 2302 1472 2342 loco
1506 2301 1715 2343 Ciceronis

92 2370 146 2411 ad
178 2370 277 2411 fam.
306 2370 368 2411 IX
404 2375 468 2419 16,
505 2378 551 2411 1:
585 2371 729 2411 omnia
760 2374 857 2411 sunt
889 2372 1063 2420 incerta,
1096 2385 1187 2411 cum
1221 2385 1248 2411 a
1280 2371 1373 2412 iure
1405 2371 1629 2412 discessum
1658 2374 1716 2412 est

91 2441 209 2481 nulla
242 2442 306 2481 est
338 2442 540 2494 oppositio
573 2442 749 2483 iniuriae
783 2442 824 2482 in
858 2455 900 2483 re
934 2442 1174 2495 praedicata
1206 2442 1439 2494 cogitanda.

214 2510 296 2552 Sed
336 2511 550 2552 Baehrens
590 2512 728 2553 locum
770 2512 1059 2553 Catullianum
1103 2513 1162 2552 ita
1202 2513 1520 2566 interpretatur,
1569 2514 1617 2552 ut
1653 2513 1715 2553 illi

92 2581 322 2622 condicioni
352 2594 426 2635 per
452 2574 586 2644 ‘cum'
624 2583 882 2635 significatae
915 2583 1019 2624 falso
1061 2585 1102 2623 et
1133 2583 1286 2624 iniuste
1321 2584 1499 2623 alteram
1532 2584 1714 2636 opponat

91 2651 223 2701 hanc:
257 2652 395 2692 sinon
416 2664 492 2705 par
514 2653 740 2694 conubium
771 2665 848 2694 nec
878 2655 1044 2694 maturo
1078 2655 1263 2706 tempore
1298 2653 1448 2706 adepta
1481 2654 1556 2693 est.
1603 2651 1713 2703 Quid

93 2724 222 2774 ergo?
258 2722 394 2783 1ducit
415 2723 484 2764 ille
520 2745 573 2753 -
605 2723 744 2776 inquit
775 2748 831 2753 —
866 2736 938 2764 sno
968 2723 1139 2764 arbitrio
1161 2723 1372 2772 feminam,
1405 2736 1487 2764 non
1518 2723 1711 2777 precibus

92 2791 305 2834 adductus
338 2804 482 2835 eorum
505 2793 577 2845 qui
608 2793 717 2835 filiae
751 2795 870 2835 annis
892 2794 1161 2847 provectioris
1194 2806 1339 2835 curam
1372 2794 1532 2835 abicere
1554 2794 1712 2835 volunt.
