2013 3223
1031 105 1114 161 165

534 220 652 269 {Am
685 237 896 281 ποταμῶν
929 225 1050 284 ἱερῶν
1078 234 1259 283 χωροῦσι
1295 226 1449 282 παγαί,

546 297 633 339 Καὶ
669 296 769 339 δίκα
802 297 875 339 καὶ
909 298 1058 340 πάντα
1092 298 1224 340 πάλιν
1258 297 1503 354 στρέφεται.

256 368 425 420 Ubique
465 369 551 409 sine
595 369 680 409 ullo
724 369 922 410 orationis
960 369 1188 410 lenimento
1229 382 1303 423 per
1342 368 1662 409 similitudinem
1703 369 1890 421 aliquam

258 439 301 479 id
335 439 444 491 quod
487 441 631 480 contra
664 442 862 480 naturam
894 440 942 480 fit
975 453 1071 481 cum
1103 440 1266 493 impetu
1300 440 1480 492 quodam
1520 452 1668 480 sensus
1700 438 1888 480 infertur.

378 579 495 621 VIII.
543 580 593 620 In
635 581 818 622 carmine
859 580 1021 621 LXVII
1065 580 1116 621 ad
1156 581 1327 621 ianuam
1368 580 1622 621 Veronensis
1671 579 1890 621 cuiusdam

256 650 409 690 domus
443 650 609 691 derecto
643 663 713 692 eas
745 651 1019 692 confidentiae
1052 663 1219 704 poenas,
1253 663 1358 703 quas
1392 651 1608 692 subiturus
1642 662 1731 691 esse
1754 650 1890 691 Baeh-

257 721 395 761 rensio
429 721 607 770 videtur,
640 722 674 762 si
699 721 790 773 quis
812 722 933 774 plene
967 721 1071 761 illud
1105 734 1147 762 se
1180 721 1436 762 intellexisse
1460 721 1666 774 opinetur,
1698 721 1757 761 ita
1778 733 1890 761 nunc

258 791 391 832 vitare
425 792 587 840 studeo,
619 794 668 832 ut
700 805 833 833 unum
865 793 1004 833 locum
1036 794 1280 846 corruptum
1314 792 1535 833 emendare
1568 804 1702 832 coner.

375 861 426 902 In
458 862 607 903 ianuae
631 862 889 904 confessione
913 863 962 903 de
996 863 1083 903 vita
1106 863 1375 915 moribusque
1400 862 1589 903 mulieris
1621 862 1664 902 in
1697 873 1746 902 ea
1767 860 1888 902 domo

255 932 489 973 habitantis
537 933 649 974 facta
695 934 799 975 haec-
841 934 1087 987 aperiuntur
1136 934 1195 987 (in
1236 947 1271 975 v.
1307 939 1361 975 20
1402 933 1609 974 Italorum
1650 931 1890 973 coniectura

258 995 502 1065 ‘attigerat'
538 1005 723 1057 reposita
754 1017 827 1058 pro
865 997 1092 1066 ‘attigerit'
1129 1004 1279 1045 codicis
1312 1003 1390 1056 V):

494 1073 859 1127 Primmmiyitm·
889 1075 1005 1127 viryo
1038 1074 1149 1127 quod
1179 1074 1318 1127 fertur
1348 1074 1511 1115 tradita
1541 1072 1659 1114 nobis

408 1150 462 1186 20
553 1144 734 1186 Falsum
767 1149 835 1186 est.
867 1159 952 1186 ozon
984 1145 1107 1186 'illam
1139 1146 1207 1186 vir
1231 1146 1358 1197 prior
1390 1145 1601 1197 attiyerat,

495 1215 767 1268 Lan-(quietior
800 1218 943 1257 tenera
976 1216 1046 1256 eui
1071 1216 1263 1267 pendens
1294 1214 1432 1256 sicula
1466 1214 1558 1256 beta

552 1286 801 1339 Numquam
833 1300 875 1327 se
908 1287 1091 1327 mediam
1121 1286 1295 1329 sustulit
1327 1286 1384 1327 ad
1415 1286 1626 1327 tunicam:

496 1355 582 1399 Sed
602 1360 731 1409 pater
760 1356 883 1398 illius
911 1358 1034 1410 anati
1065 1357 1245 1398 violasse
1277 1356 1410 1399 cubile

554 1427 732 1469 Dicitur
763 1431 800 1469 et
832 1429 1030 1469 miseram
1062 1428 1360 1470 conscelerasse
1391 1427 1569 1476 domum,

256 1499 330 1540 ubi
362 1500 403 1539 in
437 1512 472 1539 v.
507 1505 560 1540 23
596 1499 697 1540 adeo
739 1500 845 1540 nihil
886 1499 938 1540 ad
971 1512 1110 1541 acrem
1144 1500 1232 1541 eius
1266 1499 1499 1540 sententiae
1534 1496 1889 1551 perspicuitatem,

256 1582 343 1623 qua
374 1570 462 1623 ipse
500 1572 639 1632 tpater
670 1571 783 1611 illius
816 1571 934 1623 gnati
966 1571 1142 1611 violasse
1176 1571 1309 1611 cubile
1340 1561 1511 1610 dicitur'
1547 1569 1689 1610 deesse
1713 1567 1890 1615 videtur,

256 1642 306 1681 ut
338 1641 416 1682 hoc
452 1633 605 1703 ‘illius'
643 1641 906 1695 superfluum
939 1643 980 1682 et
1013 1641 1259 1694 languidum
1293 1642 1360 1681 sit.
1402 1640 1575 1681 Accedit
1608 1638 1718 1692 quod
1748 1638 1791 1678 in
1812 1637 1890 1678 hoc

257 1724 340 1752 uno
373 1712 462 1753 loco
496 1712 606 1765 apud
632 1712 850 1754 Catullum
873 1713 1056 1764 genetivi
1088 1712 1244 1753 formae
1277 1712 1319 1752 in
1357 1702 1459 1773 ‘ius'
1496 1710 1686 1752 exeuntis
1722 1700 1774 1771 ci'
1800 1709 1891 1749 lon-

255 1795 356 1836 gam
397 1783 498 1824 facit
539 1784 769 1837 syllabam,
817 1784 1010 1824 omnibus
1054 1783 1223 1835 quidem
1272 1783 1313 1823 in
1357 1783 1447 1823 aliis
1491 1781 1733 1835 corripitur3
1782 1791 1888 1832 quae

259 1854 449 1906 exempla
489 1856 686 1907 congesta
726 1853 959 1895 afferuntur
1003 1866 1026 1894 a
1058 1854 1208 1895 Rieseo
1251 1853 1303 1894 ad
1344 1866 1374 1894 c.
1408 1853 1474 1894 ΙΠ
1507 1858 1544 1894 8.
1606 1851 1709 1893 Inde
1750 1851 1890 1904 ipsum

257 1925 511 1965 vocabulum
544 1925 586 1965 in
619 1925 899 1978 suspicionem
932 1926 1129 1966 vocatum
1163 1927 1238 1974 est,
1272 1925 1389 1965 velut
1420 1936 1554 1977 nuper
1587 1935 1610 1964 a
1640 1923 1888 1964 Baumanno

256 1994 308 2035 de
352 1997 441 2036 arte
481 1996 656 2037 metrica
700 1996 858 2038 Catulli
898 1995 1046 2048 Proyr.
1090 1995 1337 2048 Landsbery
1386 2008 1424 2035 a.
1466 1993 1530 2036 W.
1582 1999 1690 2036 1881
1741 2005 1778 2046 p.
1824 1998 1888 2041 17,

257 2067 385 2106 antea
418 2066 468 2107 ab
502 2067 606 2107 aliis.
670 2066 752 2108 Sed
784 2069 831 2108 ut
865 2069 906 2108 et
938 2067 1128 2119 legitima
1160 2067 1249 2108 eius
1273 2067 1458 2119 syllabae
1492 2065 1743 2106 restituatur
1774 2075 1890 2104 men-

256 2148 357 2177 sura
391 2139 433 2178 et
464 2137 544 2190 ipsi
575 2138 810 2191 pronomini
845 2129 998 2198 ‘illius'
1036 2150 1113 2178 sua
1145 2137 1345 2178 reddatur
1367 2137 1440 2186 vis,
1473 2136 1514 2177 id
1546 2135 1797 2177 vocabulum
1828 2135 1890 2175 in-

256 2207 486 2248 serendum
531 2210 614 2258 est,
657 2209 766 2261 quod
808 2211 903 2262 post
944 2200 1094 2265 ‘illius'
1132 2208 1283 2249 excidit
1324 2210 1494 2261 propter
1533 2207 1719 2260 syllabae
1751 2205 1888 2246 finalis

259 2278 592 2329 similitudinem,
623 2283 682 2321 ut.
748 2279 869 2330 Quod
902 2292 1075 2321 causam
1108 2279 1317 2332 significat
1356 2279 1399 2319 in
1431 2278 1563 2331 patris
1597 2277 1786 2330 opinione
1818 2288 1890 2330 po-

257 2349 406 2399 sitam,
448 2363 574 2402 quem
617 2351 754 2392 scelus
797 2364 923 2392 suum
956 2352 1175 2403 tamquam
1207 2351 1271 2390 ius
1306 2350 1546 2402 quaesitum
1577 2348 1783 2389 iudicasse
1816 2359 1890 2400 per

258 2421 455 2461 acerbam
487 2421 723 2462 irrisionem
755 2423 879 2475 poeta
913 2421 1024 2462 dicit.
1073 2421 1199 2462 Redit
1232 2421 1342 2462 enim
1375 2420 1521 2461 eadem
1552 2419 1687 2460 irrisio
1719 2430 1891 2471 respon-

258 2490 455 2532 dentibus
488 2492 589 2545 ipsis
622 2493 784 2533 tributa
815 2493 859 2533 in
890 2506 926 2533 v.
961 2497 1013 2534 29
1029 2505 1111 2544 sq.:

496 2562 729 2615 Eyreyium
760 2576 922 2604 narras
953 2563 1065 2603 mira
1090 2559 1250 2614 pietate
1276 2564 1507 2613 parentem,

559 2634 642 2686 Qui
674 2634 763 2685 ipse
795 2634 865 2674 sui
894 2634 1017 2686 ynati
1048 2633 1251 2674 minxerit
1282 2633 1331 2674 iu
1360 2631 1577 2684 yremium.

257 2701 337 2742 Est
360 2704 502 2744 autem
524 2704 558 2745 is
583 2705 670 2746 eius
694 2706 884 2746 vocabuli
906 2718 1022 2754 usus,
1054 2707 1102 2746 ut
1135 2705 1243 2746 sicut
1265 2716 1463 2757 graecum
1486 2702 1543 2751 ὡς
1565 2712 1737 2742 causam
1760 2697 1888 2740 addat

257 2785 309 2813 ex
356 2774 546 2827 opinione
595 2776 660 2817 vel
708 2776 883 2817 dicentis
932 2777 997 2817 vel
1043 2787 1245 2829 personae
1288 2774 1463 2815 alicuius
1504 2773 1553 2813 de
1598 2783 1681 2824 qua
1723 2769 1888 2811 dicitur.
