2013 3223
1068 133 1119 169 76

398 326 548 366 Restat
581 327 727 367 adhuc.
760 329 807 366 ut
840 338 986 366 versus
1013 331 1064 368 58
1098 326 1387 379 integritatem
1421 326 1642 367 defendam
1676 327 1725 367 de
1748 327 1907 380 virgine

278 396 477 436 maritata
511 396 611 436 dicti

517 464 621 506 Cum
646 479 736 516 par
768 466 990 506 conubium
1022 468 1190 506 maturo
1222 469 1402 520 tempore
1437 467 1592 519 adepta
1625 470 1693 517 est,

427 541 479 577 58
517 534 633 576 Cara
666 536 756 576 viro
789 536 923 588 mayis
956 539 992 576 et
1024 536 1167 577 minus
1200 540 1258 578 est
1290 538 1433 578 invisa
1459 538 1636 589 parenti
1671 563 1722 567 —

278 618 403 657 quem
436 606 557 647 Riese
592 609 633 647 et
666 606 880 647 Baehrens
919 607 1071 647 iniuria
1103 609 1384 649 tentaverunt.
1446 608 1527 649 Hic
1559 621 1655 649 vero
1688 611 1908 660 tamquam

278 676 312 716 si
354 678 497 716 contra
539 689 627 717 reni
688 678 898 730 sophistae
951 678 1128 718 alicuius
1178 678 1284 718 vafri
1333 679 1494 720 veniret
1540 680 1604 720 vel
1653 679 1703 720 de
1751 679 1907 732 optimo

277 746 438 787 consilii
471 760 621 798 genere
656 748 695 787 in
730 760 855 788 uxore
890 747 1079 788 ducenda
1113 751 1267 800 ageret,
1302 749 1556 790 sententiam
1591 750 1838 802 simpliciter
1866 750 1908 790 et

277 817 476 857 concinne
509 818 766 870 propositam
799 819 858 858 ita
892 819 1124 867 cavillatur,
1158 821 1206 859 ut
1239 832 1286 860 ea
1318 832 1515 872 perversa
1548 820 1723 861 evadere
1746 820 1908 869 debeat,

277 887 347 939 qui
396 900 510 928 error
558 901 578 928 e
627 889 666 928 vi
717 889 1019 930 coniunctionis
1062 882 1197 951 ‘cum'
1246 891 1356 931 male
1404 891 1618 931 intellecta
1667 892 1785 931 ortus
1833 892 1908 932 est.

275 958 378 998 Eius
412 959 522 999 enim
561 960 865 1000 coniunctionis
899 960 959 1000 vis
993 960 1060 1001 hie
1095 973 1142 1001 ea
1176 962 1251 1009 est,
1285 964 1331 1001 ut
1366 961 1573 1002 actionem
1607 960 1773 1008 indicet,
1807 973 1909 1014 qua-

275 1041 370 1069 cum
404 1031 445 1070 et
477 1042 520 1070 re
555 1032 596 1070 et
619 1032 804 1084 tempore
839 1031 899 1071 ita
931 1043 1164 1083 congruens
1199 1034 1263 1072 est
1296 1032 1429 1072 altera
1463 1032 1582 1080 aetio,
1615 1034 1664 1072 ut
1694 1045 1769 1085 per
1790 1032 1907 1073 illam

275 1099 398 1140 simu}
433 1100 537 1141 haec
570 1100 776 1142 efficiatur
812 1101 897 1142 sive
930 1102 971 1141 in
1006 1114 1053 1142 ea
1087 1103 1252 1142 constet
1288 1101 1441 1164 ιᾱαιηιὶί
1481 1094 1619 1151 dass';
1663 1115 1790 1155 quam
1823 1102 1907 1143 vim

273 1172 419 1211 notare
453 1171 615 1219 attinet,
651 1171 748 1223 quia
781 1172 905 1223 vulgo
939 1172 1189 1224 interpretes
1222 1175 1390 1212 tantum
1424 1172 1473 1213 de
1513 1165 1754 1233 Ktempore',
1797 1172 1907 1225 quod

274 1240 438 1291 dicitur,
476 1233 633 1301 ‘worm'
672 1242 981 1282 intellexerunt.

393 1310 528 1362 Quem
561 1325 687 1352 usum
722 1313 825 1352 satis
859 1315 954 1365 apte
989 1313 1210 1366 explicavit
1243 1316 1284 1354 et
1315 1314 1503 1367 exempla
1533 1314 1702 1367 collegit
1731 1314 1907 1355 Kfihner

274 1381 384 1433 ausf.
421 1381 496 1423 Gr.
529 1381 567 1422 d.
603 1381 673 1422 lat.
708 1382 804 1433 Spr.
837 1383 880 1423 Π
912 1396 949 1436 p.
985 1388 1255 1433 eso—882,
1296 1384 1468 1437 profusa
1511 1386 1575 1425 est
1615 1397 1691 1425 nec
1724 1384 1906 1426 dilucida

272 1452 476 1506 Draegeri
510 1454 746 1507 explanatio
779 1453 872 1493 hist.
909 1453 1025 1506 Sym.
1059 1454 1129 1494 11²
1160 1468 1198 1508 p.
1224 1459 1306 1496 546
1322 1467 1381 1507 sq.
1416 1457 1457 1495 et
1490 1455 1599 1503 alibi,
1634 1456 1704 1507 qui
1727 1455 1905 1508 vestigia

272 1525 427 1577 premit
464 1524 510 1564 E.
548 1524 790 1565 Hoffmanni
832 1524 900 1565 die
945 1525 1235 1567 Construction
1277 1525 1350 1565 der
1391 1524 1666 1566 lateinischen.
1707 1525 1905 1577 Zeitpar-

272 1593 428 1635 tikew
456 1600 580 1644 1873,
614 1595 685 1636 sed
708 1596 768 1636 ita
791 1599 840 1636 ut
862 1596 972 1636 viam
996 1597 1286 1649 rationemque
1321 1597 1371 1638 ab
1404 1597 1481 1637 hoc
1515 1597 1601 1637 viro
1635 1597 1906 1650 sagacissimo

273 1665 423 1706 initam
455 1678 605 1719 parum
638 1667 907 1720 perspexerit.
969 1667 1189 1708 Pertinent
1230 1668 1312 1708 huc
1346 1668 1434 1708 eius
1468 1668 1562 1708 libri
1602 1682 1639 1721 p.
1675 1673 1728 1709 74
1742 1680 1830 1720 sqq.
1864 1669 1907 1709 et

272 1749 310 1789 p.
347 1741 527 1790 126sqq.
593 1737 673 1778 Sed
714 1738 911 1790 quoniam
945 1738 993 1779 de
1028 1740 1116 1778 tota
1151 1739 1239 1778 eius
1274 1740 1513 1779 structurae
1558 1739 1719 1779 ratione
1754 1741 1796 1779 et
1827 1738 1907 1779 ori-

277 1807 371 1859 gine
416 1807 619 1849 disserere
653 1809 720 1849 hic
751 1822 833 1849 non
868 1810 932 1849 est
965 1809 1161 1850 idoneum
1202 1821 1277 1850 nee
1310 1809 1611 1858 necessarium,
1657 1822 1768 1850 nunc
1813 1821 1906 1850 eam

273 1879 442 1919 tantum
475 1879 681 1919 rationem
714 1880 858 1932 paucis
893 1880 1234 1932 significabimus,
1269 1893 1375 1933 quae
1409 1880 1594 1921 nondum
1629 1881 1794 1933 cognita
1826 1880 1905 1920 loci

274 1948 502 1989 Catulliani
534 1950 872 2003 interpretationi
906 1951 1118 1991 inserviat.

393 2019 641 2070 Queruntur
672 2021 803 2073 igitur
834 2022 998 2074 puellae
1034 2021 1083 2062 de
1117 2022 1289 2074 virgine,
1323 2034 1428 2073 quae
1461 2035 1534 2075 per
1566 2023 1736 2075 nuptias
1759 2022 1904 2063 florem

274 2091 466 2138 amittat3
499 2091 577 2132 hoc
609 2092 697 2145 ipso
730 2091 840 2133 facto
865 2093 1093 2133 abalienari
1126 2105 1218 2133 eam
1255 2104 1278 2132 a
1311 2093 1451 2145 pueris
1484 2093 1731 2146 puellisque.
1783 2093 1904 2134 Hanc

276 2174 465 2223 (caecam
508 2163 762 2215 virginitatis
807 2155 1111 2204 defensionem'
1156 2164 1341 2216 appellat
1373 2163 1588 2204 Baehrens
1623 2166 1665 2204 et
1701 2164 1903 2226 (futtilem

273 2225 717 2285 argumentationem',
752 2237 897 2275 contra
920 2247 1047 2287 quam
1086 2247 1243 2296 cacrem
1274 2235 1474 2288 puellaris
1498 2237 1648 2275 cantus
1681 2247 1903 2276 censuram

272 2303 493 2345 instituere
516 2296 712 2346 iuvenes'
749 2306 801 2346 ab
836 2305 981 2346 eodem
1015 2306 1223 2346 dicuntur.
1270 2305 1349 2346 Sed
1384 2306 1579 2358 equidem
1614 2306 1735 2347 aliter
1758 2307 1903 2355 sentio,

270 2387 353 2415 non
389 2375 497 2427 quod
531 2375 571 2415 id
607 2376 717 2428 quod
752 2377 844 2417 aliis
888 2377 1022 2417 aerius
1056 2377 1223 2417 videtur
1266 2377 1368 2416 mihi
1401 2377 1536 2417 lenius
1572 2377 1782 2427 videatur,
1830 2377 1902 2418 sed

273 2445 382 2497 quod
430 2446 526 2486 illae
568 2446 814 2487 Baehrensii
863 2447 1075 2500 opiniones
1124 2447 1253 2488 falsae
1304 2450 1414 2488 sunt.
1476 2448 1661 2489 Molliter
1709 2448 1819 2489 enim
1859 2448 1903 2488 et

271 2516 434 2569 placide
477 2529 569 2557 eam
612 2518 829 2569 querelam
868 2519 1039 2559 iuvenes
1080 2518 1140 2559 ita
1179 2518 1436 2567 dissolvunt,
1484 2522 1532 2559 ut
1565 2518 1727 2559 dicant:
1775 2519 1903 2559 immo

271 2587 347 2628 hoc
389 2587 478 2640 ipso
520 2589 712 2637 conubio,
753 2589 863 2641 quod
905 2602 981 2642 par
1023 2593 1065 2629 et
1097 2591 1264 2629 maturo
1299 2593 1486 2642 tempore
1520 2589 1680 2630 factum
1712 2589 1903 2630 nomina-

271 2659 342 2698 tur
374 2682 429 2687 —
463 2658 512 2698 de
546 2659 638 2699 aliis
661 2659 827 2699 omnino
860 2673 941 2700 non
965 2660 1152 2712 cogitant
1185 2684 1252 2702 —.
1286 2660 1489 2711 virginem
1519 2660 1608 2700 fieri
1642 2660 1727 2701 viro
1760 2672 1901 2700 caram

271 2728 336 2769 vel
374 2729 513 2781 potius
552 2730 687 2782 magis
731 2742 873 2771 caram
914 2731 1138 2783 minusque
1184 2731 1311 2770 matri
1353 2731 1553 2780 invisam,
1603 2743 1709 2783 quae
1746 2730 1901 2792 tplenis

270 2799 457 2840 nubilem
492 2791 632 2840 annis'
667 2800 798 2841 filiam
833 2801 1079 2842 collocatam
1113 2801 1214 2841 vult.
1261 2800 1368 2842 Cum
1402 2801 1584 2842 Homero
1618 2801 1752 2843 dicere
1776 2802 1901 2842 liceat
