2013 3223
268 237 440 277 luerunt
473 236 645 289 quidam
678 249 774 277 cum
805 236 925 276 Italis
958 236 1001 276 111
1038 237 1195 297 ‘omnia
1239 230 1378 289 quae’.
1448 236 1530 278 Sed
1572 237 1656 278 sive
1701 238 1896 279 scribitur

270 299 409 368 c-que'
448 307 532 348 sive
569 298 733 368 (quae'‚
765 307 987 358 utrobique
1019 307 1097 347 hoc
1130 307 1399 348 enuntiatum
1440 309 1489 348 ut
1529 320 1686 348 novum
1728 308 1896 360 aliquod

267 377 471 418 iudicium
503 377 552 417 de
584 378 634 418 iis
667 378 791 418 rebus
822 377 1101 431 praedicatur,
1134 378 1183 419 de
1217 378 1368 430 quibus
1400 378 1484 418 iam
1516 378 1627 419 idem
1657 378 1698 419 in
1722 391 1847 420 versu
1870 383 1893 420 6

267 448 558 501 praedicatum
592 450 679 488 est:

681 517 755 558 Ex
785 517 858 558 hoc
889 518 1058 570 morato
1090 550 1098 559 .
1133 551 1140 559 .
1175 551 1183 560 .
1218 532 1358 560 amore
1389 551 1397 560 .
1431 551 1438 560 .
1475 552 1481 559 .

266 587 389 630 Unde
430 588 503 628 illa
538 589 778 650 comniaque
812 582 875 629 ..²
924 589 1009 630 sive
1056 589 1215 650 ‘omnia
1259 602 1365 642 quae
1409 583 1471 630 ..’
1518 590 1552 630 si
1584 590 1643 630 ita
1682 590 1895 631 adduntur

266 659 484 711 languent.
545 659 681 700 Immo
713 660 882 712 plenam
915 662 957 701 et
990 660 1228 701 absolutam
1262 661 1516 701 sententiam
1548 673 1694 701 versus
1729 666 1751 703 7
1786 662 1829 702 et
1869 665 1893 702 8

264 729 514 771 conficiunt:

383 799 499 840 Nam
532 812 815 852 quaecumque
845 799 1031 841 homines
1064 800 1161 841 bene
1192 801 1393 853 cuiquam
1425 804 1500 841 aut
1532 800 1668 842 dicere
1696 804 1872 853 possunt

442 870 533 911 Aut
562 870 715 922 facere,
747 870 848 912 leaeo
880 885 907 911 a
942 873 978 912 te
1011 871 1205 924 dictaque
1234 870 1435 924 factaque
1466 875 1575 912 suut.

263 939 537 994 Quamquam
569 942 718 983 eadem
749 942 915 983 inversa
949 942 1164 984 collocatio
1200 943 1360 1004 tomnia
1393 935 1517 995 quae'
1545 942 1656 996 apud
1679 942 1895 985 Catullum

262 1012 307 1052 111
340 1025 371 1053 0.
394 1012 531 1053 LXIV
567 1019 619 1055 66
654 1013 772 1054 redit.
838 1012 920 1054 Sed
953 1013 1105 1066 reliqui
1136 1014 1226 1063 loci,
1261 1026 1364 1066 quos
1386 1014 1604 1055 Baehrens
1637 1014 1896 1067 comparavit

263 1096 302 1136 p.
337 1088 388 1124 72
424 1083 472 1124 cf.
505 1084 660 1137 proleg.
692 1097 729 1137 p.
767 1090 830 1133 18,
864 1084 1030 1125 diversa
1063 1086 1162 1125 sunt
1193 1085 1366 1126 ratione.
1429 1084 1608 1126 Plautus
1648 1083 1822 1138 quidem
1852 1085 1895 1126 in

262 1153 445 1194 Mostell.
480 1159 563 1196 250
598 1156 640 1196 et
675 1160 756 1197 623
790 1155 919 1196 habet
956 1156 1127 1217 cmulier
1161 1148 1284 1208 quae·‘
1322 1158 1364 1197 et
1399 1168 1552 1217 (genus
1587 1147 1734 1209 quod’.
1854 1154 1857 1155 ⁷

382 1224 475 1265 Iam
494 1237 602 1274 vero,
627 1226 725 1278 quia
759 1219 1011 1287 ‘perierunt'
1045 1225 1164 1267 effert
1187 1226 1425 1280 opinionem
1447 1226 1633 1268 nondum
1654 1227 1715 1268 ita
1742 1226 1896 1268 diserte

262 1294 560 1347 significatam,
593 1298 642 1336 ut
673 1296 825 1337 melius
859 1298 900 1337 et
933 1296 1072 1350 aptius
1106 1296 1315 1338 sententia
1356 1297 1583 1346 vinciatur,
1627 1298 1739 1338 certe
1777 1308 1898 1350 prae-

263 1367 354 1406 stat
387 1378 535 1407 versus
571 1372 592 1408 9
629 1368 670 1408 et
705 1373 758 1409 10
793 1367 925 1408 artius
958 1367 1069 1408 inter
1102 1380 1145 1408 se
1179 1368 1441 1420 coniungere,
1475 1380 1499 1408 a
1530 1368 1739 1421 prioribus
1770 1368 1896 1421 plena

263 1436 534 1478 distinctione
568 1440 783 1491 separatos
817 1440 859 1479 et
891 1438 1002 1491 ipsos
1036 1440 1245 1479 commate
1278 1440 1449 1480 tantum
1472 1439 1691 1480 distinctos
1713 1439 1774 1480 ita
1796 1438 1898 1480 scri-

261 1507 398 1548 bendo
431 1510 479 1548 ut
512 1520 638 1562 supra
671 1509 880 1562 proposui,
913 1509 937 1549 1.
971 1522 1004 1550 8.
1047 1509 1141 1550 inde
1186 1509 1316 1562 quod,
1357 1512 1406 1550 ut
1447 1511 1572 1551 antea
1611 1510 1896 1563 significatum

262 1579 393 1619 estin
415 1592 452 1619 v.
477 1585 587 1631 7sq.‚
619 1580 811 1632 ingratae
844 1580 977 1621 menti
1010 1579 1122 1620 dicta
1156 1581 1195 1620 et
1229 1579 1340 1621 facta
1372 1580 1445 1621 illa
1478 1580 1638 1622 credita
1667 1581 1895 1634 perierunt,

261 1649 381 1690 nulla
414 1651 481 1690 est
512 1650 597 1690 iam
631 1662 762 1691 causa
794 1663 868 1691 cur
900 1652 947 1690 tu
980 1652 1021 1691 te
1055 1651 1236 1704 amplius
1270 1651 1492 1692 excrucies,

381 1791 533 1832 Restat
571 1804 682 1832 unus
725 1792 813 1832 eius
857 1792 1182 1833 constructionis
1230 1793 1366 1841 locus,
1414 1793 1456 1833 in
1506 1805 1587 1845 quo
1627 1793 1897 1847 participium

261 1861 438 1902 actionis
470 1861 679 1915 perfectae
730 1862 872 1903 addita
913 1863 1148 1915 praesentis
1188 1864 1388 1916 temporis
1431 1876 1474 1905 re
1516 1864 1758 1918 praedicata
1799 1877 1895 1906 cum

259 1932 394 1973 altero
426 1933 661 1985 praesentis
695 1934 818 1974 verbo
853 1933 1104 1986 coniugatur
1135 1934 1178 1974 in
1211 1947 1243 1974 c.
1275 1934 1416 1975 XXXI
1450 1940 1599 1988 Ssqq.:

504 2002 537 2045 O
571 2003 677 2055 quid
705 2002 853 2044 solutis
885 2006 944 2044 est
976 2003 1138 2045 beatius
1169 2004 1295 2054 curis,

440 2079 464 2116 8
502 2072 608 2116 Cum
639 2087 755 2115 mens
786 2087 891 2115 onus
922 2075 1099 2127 reponit,
1131 2088 1180 2116 ac
1207 2075 1431 2127 percyrino

497 2144 659 2186 Labore
690 2145 794 2197 fessi
826 2146 1019 2187 venimus
1052 2145 1183 2187 larem
1215 2145 1275 2186 ad
1303 2149 1493 2187 nostrum

498 2214 833 2269 Desideratoque
865 2217 1169 2269 acquiescimus
1201 2216 1308 2258 lecto.

260 2284 380 2337 Quae
413 2287 711 2340 praedicantur
743 2288 786 2328 in
818 2301 852 2329 v.
889 2294 925 2337 7,
960 2288 1108 2329 eadem
1146 2290 1245 2329 sunt
1286 2290 1327 2329 et
1368 2290 1555 2342 tempore
1597 2291 1639 2330 et
1678 2300 1721 2329 re
1765 2289 1892 2341 atque

260 2357 378 2407 illud,
413 2358 523 2410 quod
556 2370 630 2411 per
665 2350 800 2420 ‘cum'
841 2358 1030 2400 infertur.
1093 2359 1148 2400 Et
1189 2361 1301 2401 recte
1334 2360 1550 2401 Baehrens
1594 2359 1892 2401 animadvertit

260 2427 371 2468 inter
404 2441 447 2469 se
481 2429 671 2482 opposita
704 2442 794 2471 esse
845 2422 1102 2490 ‘peregrino'
1148 2432 1189 2471 et
1235 2423 1466 2491 ‘nostrum'
1511 2431 1534 2472 i.
1578 2443 1610 2472 e.
1652 2430 1891 2484 proprium;

260 2499 335 2539 sed
379 2499 490 2551 quod
530 2500 619 2553 ipse
667 2500 840 2541 offendit
881 2501 923 2541 in
974 2501 1211 2563 tperegrino
1259 2493 1446 2551 labore'‚
1496 2502 1594 2554 quia
1641 2501 1684 2542 id
1730 2501 1892 2542 notioni

263 2561 436 2624 ‘larem'
474 2572 548 2611 aut
580 2583 730 2623 parum
762 2571 1014 2624 respondeat
1047 2574 1121 2613 aut
1151 2572 1268 2621 nihil,
1302 2584 1350 2613 ea
1382 2573 1517 2625 opinio
1550 2573 1609 2613 ita
1647 2572 1892 2625 corrigenda

261 2639 438 2688 videtur,
471 2643 519 2681 ut
550 2642 690 2694 potius
723 2643 833 2683 inter
866 2654 909 2683 se
942 2642 1193 2695 respondeat
1236 2644 1472 2705 (peregrino
1514 2634 1674 2685 labore'
1709 2644 1733 2685 i.
1767 2655 1798 2684 e.
1831 2643 1892 2684 la-

259 2710 358 2751 bore
391 2711 433 2751 in
465 2712 696 2764 peregrinis
730 2713 853 2753 terris
888 2714 1082 2766 suscepto
1124 2715 1166 2754 et
1213 2713 1549 2776 tdesideratoque
1583 2713 1889 2766 acquiescimus

258 2772 404 2822 lecto'.
466 2782 561 2823 Huc
595 2783 707 2824 enim
738 2783 873 2824 tendit
905 2783 1008 2824 illud
1045 2784 1257 2846 tvenimus
1290 2785 1423 2825 larem
1447 2785 1498 2825 ad
1521 2775 1747 2833 nostrum'‚
1782 2796 1889 2837 quae

2003 1980 2013 2095 υκαι-..α
2003 1876 2013 1968 rsus—t.
2009 1840 2013 1848 >
