2013 3223
1015 157 1137 214 v42

308 282 723 328 commemoraverat,
764 280 984 333 populares
1033 280 1261 321 locutiones
1308 283 1556 333 respexerat.
1598 306 1651 310 —
1692 281 1918 324 Praeterea

308 350 543 391 addendum
577 352 640 391 est
672 350 724 399 id,
758 350 865 402 quod
908 349 1009 390 scite
1043 350 1089 389 Β.
1124 349 1315 391 Schmidt
1346 351 1388 390 in
1420 351 1572 404 proleg.
1604 365 1641 405 p.
1663 351 1815 392 LXXV
1849 353 1918 394 ob-

307 421 511 462 servavit:
549 420 678 481 ‘quod
711 420 905 461 Catullus
940 444 993 449 —
1027 420 1164 472 inquit
1197 445 1246 450 -
1283 421 1519 474 Hesperum
1543 434 1566 462 a
1588 422 1805 463 iuvenibus
1838 423 1919 463 vir-

306 491 553 543 ginibusque
594 503 718 543 super
751 490 928 543 Olympo
968 492 1009 530 et
1043 490 1149 532 Oeta
1190 492 1402 532 montibus
1444 492 1625 545 conspici
1664 492 1800 541 finxit,
1841 493 1917 534 hoc

306 573 400 602 eum
433 562 482 600 ut
513 560 724 600 hominem
755 560 992 600 Romanum
1023 573 1106 601 non
1138 561 1349 602 facturum
1381 562 1509 603 fuisse
1543 563 1806 612 arbitramur,
1838 563 1918 603 nisi

306 631 415 672 idem
447 630 556 684 apud
581 630 746 684 Sappho
769 622 1054 683 repperisset'.
1086 655 1142 661 —
1175 632 1321 684 Neque
1343 633 1648 685 neglegendum
1681 635 1744 674 est
1775 633 1817 673 in
1839 633 1918 674 hac

304 714 347 742 re
379 701 501 749 illud,
545 701 653 753 quod
693 702 862 742 iuvenes
897 700 1125 755 Olympum
1157 703 1387 750 nominant,
1419 704 1582 756 puellae
1616 704 1759 745 eodem
1792 716 1917 745 sensu

306 771 468 812 Oetam.

422 912 712 954 Convertimus
744 926 856 954 nunc
888 926 962 954 nos
996 914 1047 954 ad
1081 927 1115 954 v.
1150 920 1198 955 3:

480 983 662 1036 Suryere
693 984 781 1024 iam
813 987 983 1037 tempus,
1018 984 1102 1024 iam
1128 984 1311 1037 pinques
1344 984 1532 1037 linquere
1563 998 1740 1026 mensas.

304 1054 459 1096 Omissi
494 1046 594 1116 (est'
632 1055 674 1095 in
706 1054 885 1095 formula
921 1057 1106 1115 ‘tempus
1141 1047 1226 1096 est'
1262 1056 1450 1108 exempla
1481 1056 1682 1097 nonnulla
1703 1056 1916 1097 Baehrens

301 1126 464 1172 attulit;
512 1127 623 1167 recte
671 1127 815 1166 autem
862 1126 949 1166 eius
998 1126 1056 1166 rei
1099 1127 1408 1167 excusationem
1448 1127 1727 1167 Ritschelium
1767 1127 1845 1180 (op.
1878 1126 1915 1166 V

300 1210 338 1249 p.
357 1197 456 1249 364)
483 1198 652 1236 secutus
670 1196 721 1236 K.
739 1196 783 1236 P.
803 1196 978 1237 Schulze
1005 1197 1046 1236 in
1065 1196 1227 1237 dissert.
1244 1197 1382 1249 inaug.
1411 1197 1459 1238 de
1478 1197 1643 1238 Catullo
1663 1197 1918 1238 Graecorum

299 1267 509 1307 imitatore
540 1266 665 1307 Ienae
701 1272 809 1308 1871
837 1267 899 1307 ed.
922 1280 959 1320 p.
983 1273 1006 1309 8
1032 1279 1055 1307 a
1088 1268 1361 1308 commotione
1396 1268 1577 1320 quadam
1600 1268 1727 1308 animi
1758 1268 1916 1321 petivit.

415 1337 507 1378 Iam
550 1337 648 1389 quid
690 1349 737 1378 ea
777 1337 957 1378 formula
999 1337 1226 1390 significet,
1267 1351 1349 1379 non
1390 1339 1493 1379 satis
1535 1340 1708 1379 constat.
1771 1338 1916 1390 Neque

301 1408 411 1449 enim
444 1408 495 1448 ad
539 1408 706 1448 libitum
739 1408 961 1449 adhibetur
993 1409 1080 1450 loco
1112 1409 1329 1449 notionum
1374 1410 1692 1471 ctempestivum
1731 1410 1815 1450 sive
1848 1422 1918 1462 op-

298 1481 525 1533 portunum
574 1476 657 1520 est’
706 1491 841 1532 neque
893 1479 1164 1540 (infinitivum
1211 1482 1298 1520 tam
1340 1482 1450 1520 recte
1493 1492 1619 1532 quam
1666 1480 1916 1532 gerundium

298 1550 395 1602 poni
427 1550 554 1590 etiam
587 1550 628 1589 in
661 1543 819 1603 prosa',
860 1553 909 1590 ut
941 1550 1157 1591 Baehrens
1191 1551 1298 1599 vult,
1332 1563 1475 1591 verum
1508 1553 1584 1591 est.
1646 1550 1756 1591 Nam
1793 1553 1917 1612 ctem-

299 1633 377 1674 pus
411 1611 493 1661 est'
530 1621 694 1661 omnino
727 1621 937 1661 rarissime
972 1634 1067 1662 cum
1100 1621 1299 1673 gerundio
1333 1623 1620 1662 constructum
1642 1621 1852 1662 invenitur
1875 1622 1917 1661 et

299 1693 363 1732 est
396 1691 536 1743 aliqua
559 1691 792 1732 differentia
822 1692 973 1732 harum
996 1694 1324 1741 structurarum,
1359 1705 1485 1744 quam
1518 1705 1599 1732 non
1629 1704 1719 1733 esse
1742 1692 1916 1732 Kiihner

298 1762 324 1802 l.
357 1775 389 1803 c.
420 1762 464 1802 Π
495 1775 532 1815 p.
567 1767 649 1804 554
683 1763 889 1815 opinatur,
921 1762 1107 1803 nondum
1139 1763 1353 1803 inventam
1386 1775 1475 1804 esse
1508 1763 1694 1816 Draeger
1725 1763 1750 1803 1.
1773 1776 1804 1803 c.
1836 1762 1879 1803 ΙΙ
1901 1763 1916 1787 2

299 1846 337 1886 p.
361 1839 442 1875 359
477 1833 588 1875 dicit.
620 1845 755 1885 neque
789 1833 953 1886 Zumpt,
987 1845 1112 1885 quem
1145 1834 1469 1885 grammaticum
1500 1846 1598 1887 prae
1632 1846 1674 1874 se
1706 1833 1916 1874 neminem

298 1903 383 1944 fere
424 1906 578 1957 putant
619 1904 807 1944 homines
846 1904 1025 1957 pusillae
1059 1905 1100 1945 et
1132 1905 1316 1957 vulgaris
1349 1904 1579 1953 doctrinae,
1621 1903 1690 1945 lat.
1726 1904 1913 1945 Gramm.

299 1976 321 2027 ξ
347 1979 427 2016 659
452 1976 563 2016 recte
587 1975 816 2016 constituit.
860 1975 975 2015 Nihil
1008 1975 1106 2016 fecit
1138 1975 1218 2015 nisi
1250 1975 1359 2016 locos
1392 1975 1476 2016 fere
1509 1976 1675 2016 rettulit
1695 1975 1733 2016 J.
1757 1975 1915 2028 Senger

297 2045 398 2086 iiber
430 2045 509 2086 den
541 2045 738 2097 Infim'tiv
770 2045 834 2086 bei
868 2044 1022 2094 Catali,
1063 2044 1205 2086 Tibull
1241 2045 1334 2086 und
1363 2044 1549 2097 Propere
1580 2046 1620 2086 in
1654 2058 1788 2099 progr.
1825 2045 1918 2099 Spi—

299 2117 411 2157 rensi
443 2130 477 2157 a.
513 2121 636 2165 1886,
671 2117 741 2169 qui
773 2117 933 2157 ratione
968 2118 1042 2157 aut
1075 2117 1383 2169 comparatione
1417 2117 1593 2157 aliorum
1625 2117 1810 2157 locorum
1832 2128 1914 2157 non

298 2187 440 2228 addita
462 2201 499 2241 p.
523 2194 575 2229 39
611 2200 703 2228 eam
736 2186 959 2228 formulam
993 2189 1159 2227 tantum
1193 2188 1385 2240 apposuit
1415 2188 1598 2239 reliquis.
1640 2187 1728 2228 Nec
1759 2187 1914 2228 felicior

298 2258 378 2298 fuit
420 2258 656 2299 Stanislaus
699 2258 931 2299 Bednarski
972 2258 1014 2298 in
1047 2257 1210 2298 dissert.
1243 2258 1293 2299 de
1334 2258 1526 2298 infinitivi
1559 2258 1667 2311 apud
1700 2257 1914 2300 Catullum

299 2329 570 2382 usurpatione
608 2329 838 2370 Tarnoviae
875 2333 986 2370 1886
1021 2328 1131 2369 edita
1174 2331 1215 2369 et
1248 2329 1350 2369 satis
1392 2331 1583 2370 accurate
1624 2329 1795 2382 scripta,
1843 2329 1915 2381 qui

299 2413 335 2452 p.
360 2404 382 2441 6
415 2400 647 2440 multorum
679 2401 879 2441 librorum
912 2401 1022 2441 locos
1057 2400 1235 2452 collegit,
1267 2400 1310 2440 in
1334 2400 1484 2452 quibus
1517 2400 1566 2441 de
1599 2401 1676 2441 hac
1707 2400 1912 2441 locutione

299 2470 448 2522 agitur.
513 2470 594 2511 Sed
635 2472 722 2524 ipse
763 2471 961 2523 quoniam
1003 2471 1054 2511 ab
1097 2471 1188 2511 aliis
1230 2470 1279 2511 de
1313 2471 1390 2512 hac
1423 2483 1464 2512 re
1501 2471 1611 2533 Lfuse
1645 2461 1908 2524 copioseque'

298 2540 561 2594 disputatum
599 2541 743 2591 fuerit,
791 2542 892 2582 satis
934 2541 1062 2582 habet
1106 2541 1305 2582 adiecisse
1341 2543 1528 2602 ‘tempus
1562 2533 1644 2582 est'
1679 2541 1789 2582 idem
1822 2552 1911 2582 esse

298 2624 345 2652 ac
380 2613 696 2673 ttempestivum
730 2604 811 2654 est'
848 2613 912 2653 vel
948 2613 1249 2674 topportunum
1282 2605 1370 2653 est'
1404 2612 1586 2665 dicitque
1625 2613 1712 2665 ipse
1746 2623 1911 2664 quoque

296 2682 400 2723 nihil
439 2682 609 2732 referre,
657 2685 801 2724 utrum
839 2683 1069 2723 infinitivus
1117 2684 1319 2734 sequatur
1360 2696 1412 2724 an
1457 2683 1717 2736 gerundium.
1787 2682 1911 2724 Notio

299 2752 426 2805 igitur
459 2754 546 2794 eius
579 2755 799 2795 locutionis
834 2754 969 2794 adhuc
1001 2766 1082 2794 non
1116 2754 1337 2806 explanata
1369 2756 1444 2795 est.

415 2823 494 2864 Sed
537 2824 585 2865 de
627 2825 751 2865 huius
793 2824 985 2865 infinitivi
1020 2824 1056 2865 vi
1092 2824 1340 2877 plerumque
1374 2837 1422 2865 ex
1455 2824 1652 2878 oppositis
1687 2824 1722 2865 ei
1756 2824 1909 2865 actioni

2008 2510 2013 2656 ἕ

2006 2657 2013 2893 ἒ

2002 2899 2010 3116 l
