2013 3223
884 148 908 185 3

95 290 221 331 quam
251 276 376 330 probe
408 273 637 316 tenendum
679 285 768 314 esse
800 273 905 313 mihi
937 284 1102 325 quoque
1133 271 1300 312 videtur
1330 271 1447 320 illud,
1487 272 1597 324 quod
1627 286 1705 313 nu-

92 348 270 402 perrime
301 346 434 387 denuo
465 345 629 385 monuit
652 343 927 384 Wilamowitz
959 342 1115 393 Eurip.
1148 340 1357 382 Herakles
1386 342 1430 382 H
1462 355 1500 395 p.
1534 347 1630 391 211,
1658 349 1703 383 2:

93 418 171 459 das
198 415 393 469 yefdlliye
423 415 479 456 ist
508 415 557 455 in
588 414 661 455 der
691 413 822 454 kritik
851 413 948 454 hein
979 412 1398 465 ausschlayyebendes
1428 414 1614 452 moment.

180 487 414 535 Praeterea,
444 485 487 526 id
520 485 629 538 quod
660 484 846 525 nondum
878 497 924 526 eo
955 496 1088 536 usque
1110 483 1370 537 patefactum
1403 485 1478 532 est,
1510 484 1558 523 ut
1588 483 1706 523 nulla

93 558 355 610 relinquatur
386 556 617 597 obscuritas
650 557 724 595 aut
755 555 971 604 dubitatio,
1002 555 1079 595 hoc
1111 566 1278 595 carmen
1303 553 1498 606 Sapphici
1531 553 1705 594 alicuius

93 627 315 682 hymenaei
337 626 572 679 exemplum
594 638 683 666 esse
715 638 788 678 per
809 625 1008 665 Latinum
1031 637 1264 665 sermonem
1286 624 1443 677 optima
1464 622 1544 664 fide
1571 622 1708 663 reddi-

93 700 188 739 tum
220 697 449 739 obtinuisse
480 697 597 737 nobis
625 695 826 737 videmur.
869 695 979 746 Quid
1013 694 1122 747 quod
1155 707 1247 735 eam
1279 694 1474 735 carminis
1507 693 1708 745 originem

95 768 224 810 fuisse
254 780 388 821 nuper
419 767 591 808 demum
621 766 792 819 negavit
823 765 1039 806 Baehrens
1071 765 1115 805 in
1147 766 1366 805 comment.
1397 777 1435 817 p.
1469 768 1550 806 335
1567 775 1627 815 sq.

880 1003 926 1056 I.

216 1118 298 1161 Sed
337 1119 380 1158 in
418 1117 484 1159 his
518 1116 850 1169 quaestionibus,
891 1128 995 1168 quas
1037 1116 1088 1157 ab
1127 1116 1245 1156 initio
1289 1115 1459 1168 quidem
1498 1116 1635 1169 parcis
1669 1117 1711 1157 et

98 1189 342 1231 necessariis
382 1190 551 1229 tantum
592 1187 790 1228 subsidiis
830 1187 1009 1227 literatis
1052 1199 1154 1226 usus
1186 1186 1373 1235 institui,
1404 1187 1615 1239 postremo
1648 1198 1712 1227 re-

100 1260 290 1302 censione
323 1260 411 1300 eius
454 1258 649 1299 carminis
682 1258 874 1298 absoluta
906 1257 990 1298 fere
1033 1259 1074 1298 et
1106 1257 1236 1297 totius
1269 1256 1562 1309 disputationis
1604 1257 1713 1310 capi-

99 1331 212 1371 tibus
258 1329 499 1383 perscriptis
539 1329 751 1369 neminem
787 1328 972 1368 intellexi
1012 1328 1218 1380 poematis
1260 1327 1542 1368 condicionem
1586 1327 1714 1380 scrip-

101 1402 304 1452 turaeque
344 1400 446 1440 vitia
486 1399 641 1440 rectius
683 1398 921 1451 cognovisse
965 1410 1092 1450 quam
1123 1398 1174 1438 Κ.
1205 1397 1465 1438 Pleitnerum
1501 1397 1544 1437 in
1574 1398 1713 1438 libello

102 1483 136 1511 a.
171 1476 281 1512 1858
321 1470 429 1510 edito
468 1469 538 1509 des
577 1469 622 1520 Q.
665 1467 863 1508 Valerius
897 1466 1093 1508 Catullus
1125 1467 1534 1519 Hochzeitsyesc'lnye.
1599 1466 1712 1508 Gra-

100 1539 451 1591 tulationsschrift
493 1538 569 1590 fz'c'r
608 1537 775 1579 Friedr.
815 1537 1027 1578 Thiersch..
1090 1535 1322 1589 Dillinyen.
1395 1537 1530 1578 Simul
1571 1539 1714 1579 autem

99 1611 204 1651 illud
234 1611 338 1651 mihi
360 1610 547 1651 constitit
568 1610 635 1650 vix
667 1610 792 1650 aliam
825 1610 965 1649 extare
999 1608 1395 1649 commentationem
1418 1608 1714 1657 Catullianam,

100 1682 144 1722 in
186 1694 269 1734 qua
316 1683 405 1722 tam
446 1681 551 1721 miro
589 1680 710 1721 modo
749 1692 845 1720 cum
885 1680 1002 1720 vanis
1053 1681 1094 1720 et
1131 1679 1282 1732 ineptis
1325 1691 1423 1719 vera
1461 1678 1633 1719 confusa
1673 1680 1716 1719 et

103 1753 214 1793 omni
256 1751 452 1792 orationis
493 1750 950 1802 argumentationisque
996 1749 1274 1790 concinnitate
1316 1748 1521 1790 destituta
1560 1748 1716 1801 profer-

102 1824 259 1864 rentur.
323 1821 404 1863 Sed
436 1833 595 1861 errores
628 1821 718 1861 eius
750 1820 827 1860 viri
865 1822 906 1860 et
938 1819 1147 1859 vanitates
1179 1820 1332 1871 ubique
1364 1819 1449 1860 fere
1482 1820 1686 1860 omittam.

219 1894 357 1944 Atque
389 1893 437 1931 ut
460 1902 650 1942 quaeque
684 1889 878 1930 carminis
910 1901 1006 1942 pars
1040 1889 1128 1929 loco
1163 1889 1383 1938 antecedit,
1414 1890 1474 1929 ita
1506 1889 1555 1930 de
1589 1902 1637 1930 ea
1669 1901 1716 1930 ex

103 1963 243 2004 ordine
290 1962 368 2003 viri
414 1961 524 2002 docti
572 1961 785 2013 disputare
834 1960 944 2000 soliti
991 1961 1111 2007 sunt,
1157 1959 1274 2000 velut
1325 1958 1371 2000 O.
1411 1960 1571 2000 Franke
1620 1960 1646 2000 l.
1684 1972 1716 2001 c.

101 2047 139 2088 p.
161 2038 333 2075 44—48
367 2033 448 2072 alii.
511 2031 593 2072 Sed
616 2031 687 2083 qui
718 2031 777 2071 ita
799 2030 1057 2083 pedetentim
1090 2032 1132 2071 et
1164 2030 1372 2082 gradatim
1406 2030 1456 2070 ab
1488 2030 1605 2070 initio
1629 2042 1718 2071 car-

101 2105 225 2145 minis
267 2102 533 2156 progrediens
575 2103 685 2142 viam
726 2102 936 2153 sequitur,
982 2101 1017 2141 is
1057 2101 1248 2153 quamvis
1291 2100 1474 2153 prudens
1514 2100 1634 2141 facile
1667 2100 1716 2141 de

102 2187 198 2216 vero
232 2175 320 2216 eius
352 2173 547 2215 carminis
575 2173 722 2213 habitu
753 2172 925 2212 fallitur.
988 2170 1097 2222 Quid
1131 2171 1239 2224 quod
1272 2173 1363 2212 tota
1395 2171 1595 2224 expositio
1627 2172 1717 2212 tam

42 2235 45 2238 ’
104 2245 284 2286 dilucida
314 2244 491 2293 videtur,
531 2245 580 2284 ut
612 2243 689 2284 etsi
730 2243 930 2284 lectiones
963 2242 1168 2294 quaedam
1199 2242 1380 2283 incertae
1414 2242 1718 2291 existimantur,

103 2319 246 2358 tamen
279 2314 634 2368 quemadmodum
665 2314 864 2354 iuvenum
895 2313 1215 2366 puellarumque
1256 2314 1397 2366 partes
1431 2312 1715 2353 discribendae

104 2388 188 2429 sint
217 2387 335 2427 nulla
364 2386 584 2426 moveatur
617 2384 834 2425 dubitatio.

221 2457 377 2498 Verum
398 2456 606 2496 enimvero
624 2455 791 2495 initium
810 2453 1051 2507 disputandi
1070 2453 1320 2494 sumendum
1339 2456 1404 2494 est
1422 2466 1445 2494 a
1463 2453 1717 2494 carminis

108 2527 273 2575 exitu,
312 2527 430 2567 cuius
463 2537 569 2577 quae
603 2525 817 2578 dispositio
857 2525 911 2565 sit
941 2524 1023 2564 nisi
1053 2522 1326 2564 manifestum
1358 2523 1504 2572 fuerit,
1545 2523 1594 2564 de
1625 2536 1719 2576 pro-

107 2597 228 2638 oemii
261 2596 370 2649 quod
402 2595 554 2636 dicitur
585 2595 725 2636 ordine
756 2596 874 2636 nulla
904 2595 993 2635 fieri
1023 2595 1163 2647 potest
1194 2594 1444 2635 coniectura.

221 2669 280 2708 Ac
311 2667 494 2720 primum
517 2666 685 2718 quidem
717 2666 947 2707 secundum
969 2666 1185 2717 vulgarem
1217 2665 1451 2717 opinionem
1481 2665 1578 2717 post
1600 2677 1635 2705 v.
1660 2668 1712 2705 58

104 2738 274 2778 iuvenes
315 2749 467 2778 novam
497 2738 675 2790 nuptam
715 2737 857 2777 mariti
888 2736 1059 2777 domum
1090 2736 1442 2787 introgressuram
1480 2735 1544 2775 his
1577 2735 1713 2775 verbis

107 2808 319 2848 adhortari
349 2807 565 2860 incipiunt,
599 2819 704 2860 quae
736 2808 779 2847 in
811 2807 947 2848 codice
981 2806 1013 2846 T
1045 2807 1105 2847 sic
1138 2805 1388 2846 traduntur:

1391 2875 1436 2908 1ss
