2013 3223
1071 155 1095 189 4

423 286 473 322 59
507 282 542 320 et
573 283 647 319 tua
678 292 751 319 nec
777 290 925 329 pugna
957 290 1048 315 cum
1081 275 1159 315 tali
1191 275 1361 327 coniuqe
1392 276 1510 328 vit-90

508 363 591 390 ozon
623 362 766 400 equom
797 350 854 387 est
876 359 1075 398 puynare
1097 348 1227 397 pater
1258 346 1327 386 cut
1358 346 1540 386 tradidit
1570 347 1658 397 ipse

275 422 312 461 V
336 422 561 474 praebebat
593 422 628 459 et
659 422 715 458 tu.
777 418 896 458 Alter
925 429 1070 457 versus
1104 429 1127 457 a
1158 417 1295 469 priore
1328 417 1452 469 vulgo
1484 418 1630 470 plenae
1665 418 1896 460 distinctio-

274 492 338 532 nis
372 492 488 543 signo
522 491 761 542 separatur,
803 489 850 527 ut
881 487 993 540 prior
1024 500 1170 528 versus
1203 500 1335 528 unum
1367 487 1520 528 efficiat
1552 489 1821 529 enuntiatum
1854 490 1896 530 et

275 562 400 603 verba
439 574 522 601 uon
560 572 731 610 aequom
773 560 831 598 est
863 571 1062 609 puymcre
1114 558 1422 610 coniungantur
1469 571 1565 599 cum
1613 559 1896 610 sequentibus.

275 633 386 673 Nam
418 632 452 671 is
486 631 608 681 vulgo
642 629 793 680 corrigi
826 628 932 668 solet
970 629 1012 669 et
1044 628 1246 680 distingui
1287 629 1329 668 in
1362 628 1611 669 editionibus
1643 629 1721 670 hoc
1752 629 1895 670 modo:

589 702 634 739 cit
663 701 710 738 tu
741 711 792 738 oze
818 711 968 750 pagina
998 711 1092 738 cum
1123 697 1202 738 tali
1233 698 1414 750 comme,
1448 699 1564 751 viryo

278 785 384 825 quae
419 771 499 811 etsi
530 783 603 823 per
636 782 678 810 se
713 770 811 822 apta
844 771 954 818 sunt,
994 781 1071 809 nec
1102 769 1144 808 in
1166 769 1198 809 T
1229 781 1307 809 nec
1337 769 1376 809 in
1413 769 1450 810 G
1473 769 1506 810 O
1541 771 1718 810 exstant.
1769 772 1896 811 Acce-

277 843 336 883 dit
377 841 484 893 quod
525 841 567 880 in
609 840 740 880 altero
783 852 907 880 versu
949 839 1191 900 csubdurius
1240 839 1460 892 suppletur
1506 852 1599 879 cum
1647 852 1689 880 eo
1732 841 1799 880 vel
1844 840 1894 890 ei,

276 925 371 954 cum
403 911 651 964 praesertim
675 911 716 950 et
747 913 784 950 te
816 910 1225 961 subintellegendum
1249 901 1337 958 sit’,
1369 911 1417 950 ut
1444 911 1657 951 verissime
1680 910 1894 952 Baehrens

277 983 327 1024 ad
350 996 384 1022 v.
409 987 463 1023 60
486 981 661 1021 monuit.
712 980 850 1033 Igitur
883 981 1104 1021 verborum
1137 981 1353 1020 structura
1385 980 1550 1033 integra
1582 982 1624 1021 et
1655 981 1895 1035 incorrupta

277 1053 415 1094 evadit
446 1052 525 1092 hac
557 1051 726 1092 demum
758 1052 954 1091 iunctura
986 1051 1097 1091 facta
1130 1052 1172 1091 et
1205 1050 1470 1091 distinctione

595 1154 603 1162 .
636 1154 658 1171 .,
690 1135 783 1161 cum
814 1120 893 1161 tali
925 1121 1107 1173 coniuye,
1139 1121 1269 1173 virgyo,

509 1191 606 1233 Non
639 1205 812 1243 aequom
844 1194 902 1232 cst
930 1204 1133 1243 puynare,
1160 1194 1286 1243 pater
1317 1191 1387 1231 cui
1417 1191 1600 1232 tradidit
1632 1192 1732 1243 ipse.

275 1265 337 1306 De
369 1264 584 1318 pugnandi
615 1263 782 1304 notione
816 1262 864 1303 cf.
899 1262 1015 1303 Ovid.
1049 1274 1083 1302 a.
1116 1275 1150 1302 a.
1182 1262 1203 1302 I
1237 1268 1316 1304 561

510 1333 854 1385 Implicitamque
884 1332 986 1372 sinu
1019 1357 1072 1361 ——
1104 1345 1237 1384 neque
1269 1331 1381 1373 enim
1414 1345 1611 1385 puynare
1644 1331 1808 1374 valebat
1839 1356 1896 1361 —

511 1403 710 1453 Abstulit,

276 1478 374 1518 met.
406 1476 449 1516 Π
482 1480 565 1517 436

508 1544 599 1586 Illa
631 1544 798 1596 quidem
827 1546 1015 1596 pugnat,-

276 1617 391 1668 Quae
435 1617 731 1668 relinquuntur
762 1618 799 1656 et
830 1618 904 1655 tua
936 1628 1009 1655 nec
1032 1627 1183 1666 puyna
1226 1615 1311 1655 iam
1351 1614 1626 1655 manifestant
1657 1616 1754 1655 ante
1785 1615 1898 1656 hunc

276 1701 445 1730 versum
486 1688 653 1740 praeter
694 1699 863 1727 versum
904 1686 1197 1726 intercalarem
1235 1687 1331 1738 post
1372 1685 1542 1725 tertiam
1589 1685 1897 1738 antistropham

275 1759 585 1800 restituendum
609 1757 765 1809 aliquid
789 1757 993 1797 amissum
1016 1769 1118 1805 esse,
1152 1756 1262 1808 quod
1294 1756 1371 1796 hoc
1393 1768 1517 1796 versu
1541 1760 1592 1798 59
1618 1756 1897 1796 continuatur.

277 1830 392 1880 Quae
432 1829 640 1870 sententia
678 1828 948 1875 desideretur,
997 1827 1121 1868 certis
1160 1829 1202 1868 et
1235 1827 1424 1879 angustis
1463 1826 1714 1879 quibusdam
1745 1826 1897 1867 finibus

277 1900 560 1942 circumscribi
592 1900 742 1952 potest.

394 1971 571 2011 Iuvenes
605 1971 748 2010 autem
780 1970 856 2010 hos
890 1970 1095 2009 extremos
1129 1980 1275 2009 versus
1299 1974 1351 2010 59
1369 1980 1458 2020 sqq.
1492 1969 1662 2009 cantare
1695 1980 1777 2008 uno
1811 1966 1895 2008 fere

279 2055 346 2083 ore
381 2054 523 2082 omnes
556 2042 808 2093 interpretes
842 2039 1120 2088 consentiunt,
1152 2039 1233 2079 nisi
1264 2039 1370 2079 forte
1403 2061 1458 2066 ——
1490 2038 1532 2078 id
1566 2037 1676 2090 quod
1707 2039 1753 2078 A.
1776 2038 1898 2078 Riese

279 2113 520 2153 dubitanter
559 2112 675 2152 iuxta
717 2123 810 2151 eam
848 2110 1084 2163 opinionem
1123 2110 1287 2162 posuit,
1332 2109 1453 2161 quasi
1484 2113 1533 2149 ut
1575 2109 1687 2162 optio
1729 2108 1899 2149 daretur

279 2184 435 2235 legenti
468 2207 521 2212 —
555 2184 723 2235 poetam
755 2182 895 2234 ipsum
928 2181 1064 2221 subito
1096 2192 1275 2233 persona
1306 2182 1472 2220 mutata
1504 2181 1553 2220 ut
1585 2179 1795 2232 epilogum
1828 2178 1900 2219 ad-

280 2253 352 2294 dat
385 2254 435 2294 ad
469 2253 691 2294 dicendum
722 2251 886 2305 prodire
910 2251 1140 2304 opinamur.
1206 2250 1285 2291 Sed
1318 2251 1393 2290 tali
1415 2250 1622 2299 violentia,
1657 2261 1762 2302 quae
1794 2249 1901 2290 iudi-

281 2324 365 2364 cari
406 2324 548 2372 debet,
588 2324 712 2376 poeta
753 2335 877 2363 suum
910 2322 1132 2362 consilium
1175 2322 1285 2373 quod
1318 2321 1359 2361 in
1393 2320 1691 2361 distribuendis
1725 2320 1898 2361 actionis

280 2395 469 2447 partibus
502 2395 748 2447 persecutus
783 2395 858 2442 est,
890 2393 977 2445 ipse
1011 2393 1212 2432 turbaret.
1256 2391 1373 2442 Quod
1407 2391 1647 2432 incredibile
1678 2392 1743 2431 est
1764 2391 1830 2431 vel
1852 2391 1900 2431 ut

280 2466 392 2505 recte
425 2465 588 2505 dicatur
619 2465 823 2517 ineptum.

401 2534 480 2575 Sed
505 2536 539 2575 si
560 2536 778 2575 iuvenibus
801 2535 878 2575 hae
901 2535 1042 2587 partes
1066 2533 1231 2583 dantur,
1266 2533 1396 2585 quid?
1429 2533 1597 2586 puellae
1620 2532 1663 2572 in
1686 2532 1900 2572 silentium

283 2605 506 2645 damnatae
538 2606 641 2645 nihil
675 2606 854 2658 amplius
886 2605 1043 2645 habent
1067 2604 1176 2656 quod
1209 2604 1391 2657 proferre
1424 2604 1615 2656 possint?
1653 2602 1900 2656 praesertim

283 2688 395 2723 cum,
437 2675 642 2726 siquidem
685 2676 880 2716 carminis
923 2675 1029 2716 actio
1063 2674 1115 2715 ad
1148 2675 1305 2715 exitum
1339 2686 1462 2714 suum
1494 2674 1561 2714 hic
1591 2673 1793 2726 perducta
1826 2673 1900 2721 est,

281 2746 366 2786 iam
397 2747 529 2798 nupta
562 2746 674 2797 virgo
709 2746 880 2787 domum
911 2746 1007 2787 novi
1038 2745 1180 2785 mariti
1212 2745 1436 2785 introitura
1469 2744 1539 2792 sit,
1582 2743 1703 2784 cuius
1738 2742 1781 2782 in
1812 2754 1901 2782 ma-

282 2829 385 2857 num
416 2816 558 2857 venit‘?
621 2816 749 2865 Nam,
787 2817 828 2856 id
871 2818 981 2869 quod
1013 2816 1227 2857 Baehrens
1261 2814 1491 2863 contendit,
1541 2813 1593 2854 ad
1624 2814 1811 2866 nuptam
1847 2811 1901 2874 csi
