2013 3223
878 151 959 189 133

108 276 344 329 exemplum
377 275 525 317 afferre
557 276 712 316 montis
743 276 934 325 maximi,
979 275 1049 328 qui
1080 287 1163 316 non
1194 275 1334 315 minus
1375 273 1474 314 ferri
1505 273 1727 314 violentiae

108 347 290 395 cesserit,
323 346 431 387 sicut
462 346 553 400 ipsa
587 345 714 387 cessit
746 346 794 386 cf.
827 360 863 386 1.
898 351 976 388 39:

451 415 611 468 Invita,
645 428 667 456 0
698 415 858 468 reyina,
890 418 961 456 tuo
994 415 1043 456 de
1074 415 1223 454 vertice
1255 414 1369 463 cessi,

107 486 150 526 id
173 486 390 538 sequentis
412 498 558 526 versus
582 491 634 526 47
661 498 839 526 conexus
861 486 1030 535 indicat,
1062 485 1104 525 in
1129 497 1209 536 quo
1243 485 1331 525 eius
1365 484 1542 537 exempli
1570 483 1728 524 ratione

107 556 253 597 habita
286 556 422 596 denuo
454 556 527 596 illa
560 555 769 596 sententia
804 556 863 596 sic
895 555 1153 596 affirmatur:

349 625 464 677 Quid
492 625 653 677 facient
684 625 830 675 crines,
865 639 957 667 eum
987 624 1103 677 ferro
1134 623 1246 664 talia
1277 623 1459 664 cedant?

104 696 197 737 Iam
229 696 265 737 si
296 696 454 736 tradita
476 696 598 737 lectio
626 688 839 758 (01013113)
865 698 1021 743 11131101,
1054 695 1309 748 comparatio
1343 695 1415 735 illa
1449 706 1574 746 quam
1606 695 1729 746 poeta

106 767 239 808 voluit
269 779 353 807 non
386 765 610 818 effingitur,
644 767 742 818 quia
772 779 849 807 1100
876 758 1022 827 ‘ferro'
1059 767 1247 806 montem
1281 777 1473 805 eversum
1507 776 1597 805 esse
1628 763 1728 817 ipsis

106 837 243 878 verbis
267 837 433 877 omnino
456 836 608 877 dicitur
640 849 717 877 1100
749 836 853 877 illud
886 837 1024 889 ipsum
1056 836 1306 876 vocabulum
1341 835 1439 887 quid
1472 835 1597 875 rebus
1620 846 1731 874 com-

105 906 265 960 paratis
307 919 525 948 commune
565 907 620 947 sit
663 908 813 959 arguit.
875 907 985 947 Nam
1031 897 1256 967 ‘evertere‘
1304 909 1345 946 et
1389 905 1455 946 hic
1494 906 1535 945 et
1575 904 1728 955 ubique

108 1001 162 1006 —
203 977 335 1017 etiam
380 977 423 1017 in
471 977 658 1030 exemplo
706 977 1018 1018 Baehrensiano
1059 976 1152 1016 Val.
1193 976 1326 1017 Flac-c.
1365 975 1449 1015 VII
1494 980 1545 1016 75
1594 985 1730 1014 everso

107 1059 251 1099 campo
295 1071 348 1076 —-
392 1059 556 1100 semper
597 1047 804 1099 significat
849 1058 1035 1108 tsumma
1069 1046 1119 1086 ad
1152 1047 1285 1086 imum
1319 1036 1518 1093 vertere³‚
1561 1045 1645 1085 sive
1679 1043 1728 1084 de

107 1118 309 1158 eminenti
348 1120 489 1158 monte
523 1118 608 1158 3110
642 1117 691 1158 de
725 1119 861 1170 campi
893 1118 1019 1170 plana
1053 1116 1280 1170 superficie.
1328 1115 1474 1168 Neque
1506 1127 1602 1155 1010
1626 1126 1728 1167 opus

106 1189 171 1229 est
191 1187 437 1229 Baehrensii
469 1187 652 1228 refutare
685 1189 968 1229 coniecturam
1006 1199 1161 1248 cquone
1204 1188 1276 1240 (=
1304 1187 1455 1239 quippe
1490 1197 1569 1238 quo
1602 1184 1728 1237 ferro)

104 1258 174 1299 ille
208 1270 378 1299 eversus
411 1271 530 1299 mons
564 1250 648 1299 est'
685 1258 734 1299 cf.
766 1271 804 1311 p.
827 1264 924 1300 468.
989 1257 1126 1308 Quam
1159 1257 1369 1298 desiderat
1398 1256 1611 1296 notionem
1635 1267 1728 1295 sen-

106 1329 262 1370 tentiae
295 1341 485 1377 acumen,
519 1341 566 1369 ea
599 1333 872 1382 recuperatur
903 1329 982 1369 hac
1013 1329 1231 1369 lenissima
1266 1327 1576 1368 emendatione:

528 1410 614 1451 Ille
647 1424 806 1463 quoque
838 1411 1040 1451 evictus
1072 1423 1188 1450 mons
1220 1413 1288 1458 est,

106 1492 216 1545 quod
254 1493 504 1534 vocabulum
549 1486 780 1555 ‘evincere'
828 1493 1082 1546 respondens
1122 1492 1281 1532 notioni
1314 1491 1485 1532 cedendi
1517 1491 1558 1530 in
1592 1503 1626 1529 1.
1663 1494 1729 1531 39.

106 1569 158 1604 47
195 1563 405 1604 adhibitae
439 1564 604 1617 proprie
638 1567 869 1616 usurpatur
902 1563 951 1603 de
985 1562 1296 1616 impedimentis
1330 1562 1395 1602 101
1427 1561 1622 1614 periculis
1654 1572 1728 1613 per

106 1634 191 1675 vim
225 1634 410 1686 aliquam
442 1634 508 1674 101
541 1634 760 1675 audaciam
797 1634 1016 1687 superatis,
1051 1634 1166 1673 velut
1197 1633 1238 1673 in
1271 1632 1440 1673 Aeneid.
1472 1631 1514 1671 Π
1547 1636 1630 1672 496
1645 1643 1726 1682 sq.:

386 1748 393 1755 .
428 1716 650 1769 ayyeribus
682 1716 819 1767 ruptis
850 1730 940 1756 cum
974 1729 1171 1767 spumeus
1203 1715 1342 1755 amnis

342 1785 449 1826 Exit
480 1786 774 1838 oppositasque
806 1786 927 1826 evicit
957 1786 1120 1838 yuryite
1154 1784 1286 1826 moles.

105 1868 226 1910 Unde
269 1869 395 1909 simul
436 1868 595 1909 firmari
635 1869 738 1908 mihi
779 1868 944 1909 videtur
986 1881 1136 1919 rupere
1179 1868 1228 1908 ab
1261 1867 1380 1907 Italis
1423 1867 1662 1914 inventum,
1705 1877 1728 1906 a

104 1939 362 1980 Baehrensio
394 1952 431 1992 p.
465 1944 547 1981 469
584 1939 739 1992 optime
773 1939 1113 1980 commendatum
1147 1939 1190 1978 iu
1213 1951 1248 1978 1.
1272 1943 1350 1984 45;
1388 1928 1599 1998 ‘propere'
1637 1938 1728 1977 erat

104 2009 147 2050 in
180 2008 316 2050 codice
349 2008 400 2049 V.
463 2008 688 2050 Praeterea
726 2002 951 2070 ‘evincere'
991 2009 1210 2050 adhibetur
1243 2008 1293 2048 de
1327 2008 1502 2055 somnis,
1534 2007 1727 2056 nubibus,

105 2079 210 2121 freto
245 2079 395 2129 Siculo,
429 2079 596 2132 scopulo
628 2079 925 2132 navigantibus
959 2079 1190 2132 periculoso
1224 2078 1272 2119 01.
1308 2077 1424 2119 ovid.
1456 2080 1555 2117 met.
1587 2077 1607 2116 Ι
1632 2081 1728 2118 685.

105 2149 205 2190 XIV
242 2155 336 2192 769.
368 2149 468 2191 XIV
505 2156 570 2192 76.
602 2150 679 2190 XV
717 2155 810 2191 706.

222 2220 369 2272 Neque
411 2233 506 2261 1010
551 2221 610 2281 (in
645 2212 761 2269 oris'‚
808 2233 882 2274 pro
925 2232 1004 2272 quo
1036 2220 1135 2260 Itali
1180 2221 1241 2281 ι111
1276 2210 1392 2260 orbe)
1438 2220 1727 2272 reposuerunt,

105 2303 180 2344 per
212 2303 255 2332 se
289 2291 458 2344 quidem
491 2291 539 2332 de
573 2292 668 2332 orbe
702 2294 911 2332 terrarum
945 2291 1025 2331 dici
1057 2294 1216 2343 potest;
1260 2290 1300 2330 id
1334 2290 1444 2330 enim
1478 2290 1726 2330 vocabulum

106 2361 234 2402 habet
266 2373 430 2415 semper
460 2362 672 2402 notionem
705 2364 842 2402 terrae
865 2362 931 2402 101
962 2361 1214 2414 longinquae
1248 2363 1290 2401 01
1321 2363 1504 2401 remotae
1538 2361 1604 2401 101
1635 2373 1727 2413 por-

106 2434 257 2473 rectae.
321 2431 594 2473 Scribendum
628 2434 692 2473 est
726 2432 771 2472 in
805 2432 937 2480 auris,
971 2431 1019 2472 01.
1054 2430 1170 2472 Ovid.
1204 2434 1301 2471 met.
1333 2431 1376 2471 Π
1411 2436 1493 2472 154

529 2513 640 2555 Solis
672 2514 768 2566 equi
896 2512 1132 2553 hinnitibus
1165 2526 1299 2553 auras

527 2584 574 2624 F
575 2583 824 2636 lammiferis
859 2583 1027 2635 inplent.

107 2665 304 2708 Ceterum
336 2666 385 2708 de
422 2658 528 2728 ‘ora'
566 2670 608 2707 et
642 2659 781 2726 ‘aura'
822 2667 986 2720 saepius
1030 2666 1280 2719 permutatis
1314 2666 1363 2707 01.
1395 2666 1639 2707 Lachmann
1673 2666 1724 2706 ad

105 2736 226 2778 Lucr.
245 2750 284 2790 p.
306 2741 384 2778 167
400 2749 460 2789 sq.
480 2761 531 2766 ——
552 2737 776 2778 Praeterea
798 2736 932 2777 Thiae
950 2739 1062 2777 recte
1080 2737 1328 2777 restitutum
1349 2749 1450 2786 esse,
1478 2737 1549 2778 sed
1568 2737 1725 2778 coniec-

106 2808 202 2848 tura
219 2799 429 2869 (Phthiae'
448 2809 700 2849 sententiam
719 2808 927 2861 corrumpi
941 2812 1082 2848 contra
1095 2807 1288 2848 Ellisium
1306 2807 1530 2849 monuitH.
1545 2807 1725 2859 Magnus
