2013 3223
125 269 264 309 aetate
303 267 585 309 Alexandrina
625 267 926 320 comprehensa
975 268 1094 316 sunt,
1142 278 1270 319 quam
1325 267 1368 307 in
1419 279 1508 307 rem
1557 267 1744 307 conferas

125 338 471 391 Hephaestionis2
503 336 603 391 περὶ
636 337 880 393 ποιήματος
911 350 943 378 0.
977 343 1002 378 4
1033 337 1171 378 locum
1203 350 1241 390 p.
1268 342 1348 378 115
1377 337 1513 377 hunc:
1546 337 1667 377 κοινὰ
1697 335 1746 378 δὲ

124 409 196 461 (sc.
229 408 484 464 ποιήματα),
518 407 597 449 ὅσα
630 407 716 448 ὑπὸ
747 407 1017 462 συστήματος
1046 405 1125 459 μὲν
1155 409 1513 462 καταμετρεῖται,
1553 405 1657 448 αὐτὸ
1699 405 1746 448 δὲ

127 479 176 520 τὸ
206 479 400 534 σύστημα
433 477 500 532 (ἐκ
530 486 614 518 τῶν
645 476 784 518 αὐτῶν
804 476 971 533 μέτρων
993 478 1224 518 sententiae
1249 477 1418 529 quidem
1441 477 1744 525 convenienter,

125 549 198 590 sed
230 549 317 590 sine
349 550 436 589 ulla
467 549 718 589 necessitate
751 548 919 601 supplet
950 548 1188 600 Westphal)
1221 544 1304 599 ἔχει
1339 547 1640 603 πληρούμενον,
1674 540 1745 588 οἶά

123 617 216 660 ἐστι
246 619 302 659 τὰ
333 615 376 660 ἐν
407 619 465 676 τῷ
497 616 676 674 δευτέρῳ
709 617 781 658 καὶ
814 615 945 673 τρίτῳ
979 621 1206 673 Σαπφοῦς,
1240 616 1282 658 ἐν
1313 610 1377 666 οἷς
1408 619 1742 672 καταμετρεῖται

122 687 201 742 μὲν
241 689 327 730 ὑπὸ
366 686 596 740 ὄιστιχίας,
637 687 742 744 αὐτὴ
790 687 837 729 δὲ
876 689 900 744 ἡ
947 685 1136 740 διστιχιά
1183 685 1312 741 ὁμοία
1361 685 1479 738 ἐστι’,
1527 688 1593 729 cui
1640 688 1744 729 adde

124 773 162 813 p.
197 765 292 801 119.
328 765 422 801 120.

241 830 296 870 Et
328 830 544 871 Catullum
575 830 759 883 primum
792 830 834 869 in
866 830 1100 870 Romanam
1133 829 1276 882 poesin
1318 829 1535 882 stropham
1570 828 1746 881 Sapphi-

123 912 217 941 cam
249 901 516 941 transtulisse
548 902 697 941 notum
730 902 816 947 est;
850 899 1030 940 eundem
1060 901 1279 952 praeterea
1318 901 1503 939 metrum
1534 899 1748 952 Asclepia-

122 971 251 1012 deum
282 972 418 1011 maius
450 971 558 1012 binis
592 971 780 1011 versibus
812 971 855 1010 in
888 971 1075 1022 systema
1107 970 1357 1017 coniunctis,
1390 957 1423 1023 ᾧ
1465 969 1513 1010 τὸ
1554 968 1746 1023 δεύτερον

126 1044 338 1097 Σαπφοῦς
369 1041 466 1082 ὅλον
497 1039 738 1095 γέγραπται
772 1040 947 1093 (Heph.2
983 1053 1021 1093 p.
1054 1040 1150 1093 45),
1195 1039 1246 1080 ad
1281 1039 1474 1092 Sapphus
1508 1040 1745 1092 exemplum

123 1113 167 1153 in
198 1112 381 1153 carmine
403 1112 522 1152 XXX
554 1112 792 1152 adhibuisse
826 1111 928 1151 satis
962 1111 1153 1151 constitit
1175 1110 1224 1151 cf.
1248 1110 1291 1152 C.
1313 1110 1573 1151 Lachmanni
1606 1110 1745 1163 script.

123 1183 222 1223 min.
254 1182 298 1222 Π
328 1195 366 1235 p.
401 1187 454 1223 94
469 1195 547 1234 sq.‚
580 1194 705 1234 quem
738 1183 973 1233 sequuntur
1003 1181 1048 1221 L.
1080 1181 1233 1222 Muller
1264 1181 1307 1221 in
1338 1180 1465 1234 praef.
1496 1193 1534 1233 p.
1566 1180 1748 1220 LXXIII

123 1255 166 1294 et
183 1253 231 1293 B.
254 1252 445 1294 Schmidt
478 1253 520 1292 in
553 1253 707 1306 proleg.
738 1265 776 1304 p.
808 1251 997 1292 LXXIV.
1058 1251 1178 1292 Idem
1210 1264 1409 1292 versuum
1442 1251 1746 1303 dactylicorum

125 1326 312 1376 systema
357 1324 400 1363 in
450 1323 686 1376 fragmento
750 1328 802 1364 93
845 1323 905 1362 Β3
957 1322 1191 1363 adhibitum
1245 1321 1373 1362 fuisse
1429 1333 1556 1374 supra
1602 1334 1640 1374 p.
1693 1326 1746 1362 83

127 1393 398 1435 ostendimus.

240 1464 367 1504 Porro
401 1464 435 1504 si
469 1464 560 1516 quis
582 1476 735 1516 negare
758 1464 859 1504 velit
884 1463 1049 1516 Sappho
1082 1463 1124 1503 in
1155 1463 1234 1503 hcc
1267 1462 1377 1514 quod
1395 1462 1588 1503 Catullus
1621 1462 1748 1502 inter-

122 1535 314 1587 pretatus
347 1536 412 1574 est
444 1534 713 1587 epithalamio
746 1534 987 1574 hexametro
1020 1546 1141 1574 usam
1174 1533 1314 1581 fuisse,
1348 1533 1382 1573 is
1416 1532 1620 1584 quomodo
1654 1544 1747 1572 eam

123 1604 358 1657 opinionem
391 1605 634 1645 confirmare
667 1604 809 1657 possit,
842 1617 924 1644 non
955 1604 1152 1644 inveniat.
1214 1603 1360 1644 Potius
1398 1603 1594 1643 insanum
1638 1603 1748 1643 esset

127 1676 277 1728 putare
308 1675 417 1716 hanc
450 1675 755 1716 sententiarum
787 1676 952 1715 tantam
976 1674 1304 1715 concinnitatem
1337 1675 1379 1714 et
1401 1673 1747 1725 aequabilitatem

127 1758 255 1797 quam
287 1746 329 1785 in
363 1745 518 1787 Catulli
552 1746 738 1798 exemplo
764 1745 1021 1786 admiramur
1043 1745 1226 1785 naturali
1251 1744 1432 1796 quodam
1454 1744 1619 1784 vinculo
1653 1756 1747 1784 cum

124 1816 250 1856 metri
280 1816 535 1869 proprietate
567 1828 649 1856 non
682 1816 946 1856 coniunctam
980 1827 1084 1856 esse.
1147 1814 1228 1865 Qui
1271 1815 1379 1856 levia
1420 1815 1486 1854 vel
1523 1814 1748 1866 nugatoria

123 1898 205 1926 non
239 1888 436 1933 sectatur,
471 1886 665 1940 Sapphus
696 1887 775 1927 hoc
798 1886 1117 1939 epithalamium
1140 1885 1306 1926 eosdem
1328 1897 1524 1926 numeros
1544 1885 1746 1925 habuisse

125 1957 234 1997 ultro
266 1959 416 1998 sumet.

244 2027 325 2068 Sed
369 2028 566 2080 quoniam
608 2040 700 2068 eam
741 2028 877 2080 ipsam
924 2027 973 2067 ob
1017 2038 1189 2067 causam
1230 2026 1306 2067 hoc
1345 2026 1665 2079 epithalamium
1706 2026 1748 2066 in

123 2098 239 2139 nullo
272 2111 416 2139 eorum
447 2099 649 2139 librorum
681 2098 810 2139 fuisse
842 2100 1001 2151 potest,
1045 2110 1223 2149 quorum
1266 2096 1434 2149 quidem
1477 2097 1640 2137 numeri
1681 2096 1749 2137 hic

123 2170 168 2210 et
198 2169 284 2210 illic
324 2171 705 2210 commemorantur
748 2169 772 2209 i.
813 2181 845 2209 e.
887 2169 929 2208 in
967 2169 1083 2209 libris
1116 2168 1147 2208 Ι.
1187 2167 1241 2208 Π.
1282 2167 1358 2207 ΙΠ.
1400 2167 1450 2207 V.
1491 2167 1607 2215 VH..
1651 2167 1748 2219 quia

123 2239 275 2280 horum
307 2240 494 2280 carmina
527 2240 618 2280 aliis
650 2240 795 2280 metris
829 2239 1060 2292 composita
1093 2240 1232 2287 erant,
1264 2238 1348 2278 iam
1392 2251 1516 2290 quem
1559 2238 1749 2279 nominat

126 2309 296 2350 Servius
328 2311 353 2350 l.
387 2323 417 2351 c.
452 2311 818 2363 epithalamiorum
859 2310 1049 2350 libellum
1092 2310 1227 2350 varios
1266 2321 1463 2350 numeros
1502 2308 1748 2349 habentium

125 2380 256 2421 alium
299 2381 509 2433 quendam
550 2394 570 2422 e
612 2394 761 2422 novem
802 2382 884 2421 illis
932 2381 1068 2428 libris,
1118 2381 1270 2432 quibus
1315 2380 1508 2433 Sapphus
1562 2379 1748 2420 carmina

124 2451 501 2493 Alexandrinorum
549 2454 685 2493 aetate
734 2453 1034 2505 comprehensa
1082 2453 1182 2492 sunt
1229 2451 1295 2504 (cf.
1337 2450 1500 2502 Bergk3
1547 2463 1584 2502 p.
1633 2449 1747 2501 874),

123 2521 253 2562 fuisse
287 2526 461 2575 apparet
491 2535 627 2575 neque
660 2523 747 2563 ulla
777 2535 889 2563 nunc
923 2524 987 2563 est
1018 2523 1060 2562 in
1092 2522 1171 2563 hac
1198 2534 1240 2563 re
1265 2521 1501 2568 difficultas,
1534 2520 1586 2561 ad
1621 2532 1748 2572 quam

125 2592 367 2633 solvendam
401 2606 497 2634 cum
514 2593 692 2645 Bergkio
715 2594 740 2633 l.
763 2606 795 2634 c.
818 2593 922 2633 duas
946 2593 1034 2633 eius
1064 2593 1298 2633 carminum
1321 2592 1580 2633 recensiones
1614 2591 1747 2631 factas

124 2674 217 2703 esse
250 2664 383 2704 statui
415 2664 575 2705 debeat.

245 2733 470 2787 Stropham
503 2735 634 2787 igitur
677 2736 719 2775 et
758 2735 1066 2787 antistropham
1103 2734 1283 2787 primam
1324 2734 1455 2774 altera
1494 2733 1665 2785 stropha
1707 2733 1748 2772 et

124 2804 390 2858 antistropha
422 2806 505 2846 iam
539 2806 748 2858 sequitur;
782 2808 960 2857 utraque
994 2805 1095 2846 item
1128 2805 1189 2845 bis
1222 2805 1339 2845 binos
1372 2816 1518 2845 versus
1552 2803 1747 2850 continet,
