2013 3223
859 140 911 176 47

201 265 252 305 In
282 264 417 317 prima
452 263 674 317 hymenaei
717 264 887 316 stropha
926 263 1103 317 Hesperi
1142 262 1367 304 crudelitas
1408 266 1628 305 accusatur
1668 276 1691 305 a

84 335 246 388 puellis,
278 334 413 386 gratia
443 334 485 373 in
517 333 779 386 antistropha
811 346 834 374 a
865 334 1083 374 iuvenibus
1114 333 1332 373 laudatur:

204 409 269 446 20.
314 403 511 456 Hespere,
544 403 639 455 quis
670 402 781 444 eaelo
811 403 946 455 fertur
977 402 1186 443 crudelior
1216 402 1361 455 iynis?

321 473 405 525 Qui
435 475 580 513 natam
604 473 746 524 possis
776 472 989 524 complexu
1021 472 1195 513 avellere
1224 472 1385 522 matris,

323 542 549 594 Complexu
579 543 730 583 matris
759 543 1001 584 retinentem
1033 542 1207 584 avellere
1236 545 1383 583 natam

317 612 376 653 Et
405 613 549 654 iuveni
580 613 747 654 ardenti
778 616 936 654 castam
969 614 1124 654 donare
1151 612 1348 664 puellam.

82 685 150 726 Ita
180 684 412 726 redduntur
443 684 486 724 hi
517 696 663 725 versus
696 684 925 725 secundum
958 685 1139 726 codicem
1170 685 1223 731 T;
1255 684 1337 724 nisi
1370 684 1478 736 quod
1510 684 1567 725 ibi
1596 696 1690 724 eon-

75 754 208 806 plexu
238 754 442 803 traditur,
475 754 584 807 quod
616 755 842 807 praebebat
874 754 910 794 V
946 767 1107 807 quoque
1140 755 1182 795 in
1213 768 1248 795 V.
1283 759 1348 795 22.
1410 756 1470 795 Ac
1510 754 1559 795 de
1598 767 1693 795 con-

85 825 310 866 structione
352 837 496 866 versus
530 830 583 866 22
617 825 807 865 dubitare
840 825 958 874 licet,
990 825 1031 865 in
1074 837 1153 877 quo
1187 825 1393 865 sententia
1434 825 1559 878 priori
1597 837 1690 866 con-

84 896 212 936 traria
244 908 338 937 cum
371 895 523 936 affectu
553 895 859 948 pronuntiatur.
921 895 1012 935 Iam
1045 896 1077 936 si
1109 896 1151 935 in
1183 909 1218 936 v.
1260 901 1309 936 21
1356 895 1440 936 filia
1480 896 1690 936 reluctans

85 978 108 1006 a
139 966 353 1019 complexu
390 966 537 1006 matris
579 966 792 1014 avellitur,
838 965 878 1005 id
923 965 1031 1017 quod
1071 966 1260 1006 vocabuli
1304 967 1451 1005 natam
1492 966 1534 1005 in
1574 966 1690 1006 initio

84 1036 272 1077 collocati
311 1036 372 1076 vis
414 1035 614 1084 ostendit,
655 1036 790 1076 mater
830 1035 959 1076 filiam
999 1036 1214 1088 complexu
1255 1048 1328 1076 suo
1360 1036 1523 1076 retinet.
1563 1035 1690 1076 Porro

83 1107 370 1158 exspectamus
402 1105 481 1146 dici
512 1105 596 1145 iam
636 1107 814 1146 matrem
849 1106 969 1146 avelli
1003 1118 1026 1146 a
1058 1105 1142 1146 filia
1174 1106 1379 1146 retinente
1420 1106 1442 1146 i.
1486 1118 1517 1146 e.
1551 1106 1690 1155 afilia,

84 1187 189 1228 quae
221 1177 400 1216 matrem
433 1175 647 1228 complexu
680 1188 753 1216 suo
785 1177 911 1216 tenet.

199 1245 301 1286 Inde
332 1245 531 1286 iudicium
562 1245 610 1286 fit
641 1245 690 1286 de
732 1258 780 1287 ea
821 1246 1184 1299 interpretatione,
1227 1259 1353 1298 quam
1393 1247 1582 1287 nonnulli
1623 1259 1690 1287 ex-

81 1316 380 1369 cogitaverunt,
413 1315 483 1368 qui
513 1315 554 1355 in
585 1316 811 1368 posteriore
834 1328 958 1356 versu
983 1317 1150 1376 ‘matris
1175 1308 1455 1369 complexum'
1483 1317 1688 1370 supplent,

80 1399 157 1427 nec
187 1386 325 1426 minus
349 1385 397 1426 de
421 1398 469 1426 ea
491 1386 738 1435 coniectura,
772 1398 898 1438 quam
934 1386 1149 1427 Baehrens
1179 1387 1394 1439 proposuit
1430 1378 1689 1448 ‹retinentess

84 1458 152 1518 tut
199 1458 346 1496 natam
397 1455 452 1496 sit
501 1468 717 1496 commune
768 1457 986 1497 obiectum.
1055 1456 1171 1497 Belle
1213 1457 1323 1497 enim
1364 1480 1420 1486 —
1460 1458 1597 1510 inquit
1634 1481 1688 1486 —

80 1526 217 1579 siquid
249 1526 391 1574 sentio,
422 1526 570 1566 matris
604 1527 840 1579 complexus
871 1527 960 1580 ipse
993 1527 1145 1567 dicitur
1172 1527 1350 1568 retinere
1374 1528 1458 1568 sive
1479 1540 1561 1568 non
1584 1528 1688 1568 velle

79 1597 289 1638 dimittere
328 1596 477 1644 filiam3
512 1608 594 1648 qua
626 1597 667 1637 in
700 1609 742 1637 re
774 1598 906 1638 maior
939 1598 1143 1650 opprobrii
1175 1598 1236 1638 vis
1270 1610 1396 1650 quam
1427 1598 1469 1638 in
1500 1597 1584 1638 filia
1626 1610 1689 1638 re-

77 1658 299 1709 luctante’.
361 1667 490 1707 Recte
524 1668 674 1716 sensit,
707 1667 778 1708 sed
811 1668 1089 1709 convertenda
1123 1670 1186 1709 est
1222 1669 1282 1709 ita
1324 1669 1597 1717 constructio,
1637 1670 1688 1708 ut

77 1738 241 1791 puellae
272 1749 383 1777 nunc
415 1736 555 1777 dicant
585 1739 731 1778 natam
763 1739 904 1787 avelli,
946 1750 1050 1790 quae
1093 1741 1271 1779 matrem
1312 1739 1429 1779 firmo
1472 1739 1687 1792 complexu

78 1809 204 1856 tenet,
235 1820 317 1848 non
350 1819 455 1860 quae
488 1809 655 1848 tenetur
688 1820 711 1848 a
741 1811 887 1849 matre.
949 1809 1098 1861 Itaque
1130 1809 1413 1862 reponendum
1446 1812 1530 1850 est:

318 1876 598 1929 Complexum
629 1879 778 1919 matris
808 1879 1050 1920 retinentem
1083 1879 1257 1920 avellere
1287 1883 1445 1929 natam,

77 1950 126 1989 ut
172 1961 220 1989 ex
262 1960 343 1988 usu
392 1948 560 2000 linguae
603 1950 772 2002 vulgato
814 1951 1059 2003 suppleatur
1105 1963 1152 1991 ex
1193 1951 1429 1992 accusativo
1478 1951 1685 1991 ablativus

80 2009 347 2080 ‘complexufi
409 2018 567 2059 Eadem
599 2019 939 2072 interpretatione
980 2020 1130 2061 ductus
1164 2020 1348 2070 Gronov,
1380 2022 1525 2074 postea
1555 2020 1686 2061 Frob-

75 2088 157 2129 lich
197 2089 372 2129 correxit
412 2087 627 2140 complexu
665 2092 792 2130 natae
833 2090 1076 2131 retinentem
1124 2090 1298 2132 avellere
1348 2093 1532 2132 matrem.
1604 2090 1685 2132 Sed

73 2157 178 2199 falso
196 2159 453 2212 complexum
484 2160 631 2200 matris
663 2160 722 2200 ita
754 2161 930 2213 uterque
962 2161 1178 2211 intellexit,
1210 2164 1258 2202 ut
1288 2163 1424 2202 mater
1455 2162 1522 2202 hic
1553 2161 1682 2201 filiam

75 2229 430 2282 complecteretur.
501 2229 672 2270 Addidit
719 2230 785 2271 hic
824 2230 868 2271 P.
910 2231 1188 2281 Krumbholz,
1239 2232 1309 2284 qui
1351 2231 1684 2272 emendationem

73 2301 260 2340 nostram
286 2300 444 2352 probat,
468 2300 641 2352 cogitari
666 2313 827 2353 quoque
863 2314 982 2354 posse
1009 2302 1228 2343 lectionem
1260 2301 1513 2354 complexum
1533 2301 1683 2352 patris.

190 2369 300 2410 Nam
331 2371 380 2410 ut
412 2370 512 2411 alios
546 2371 767 2424 scriptores
800 2372 1013 2421 omittam,
1047 2373 1158 2413 idem
1200 2374 1264 2413 est
1303 2373 1390 2414 eius
1432 2372 1683 2414 substantivi

77 2431 357 2499 ‘complexus'
407 2452 509 2481 usus
550 2441 593 2481 in
635 2441 765 2482 altero
807 2443 894 2483 loco
928 2442 1177 2484 Catulliano.
1246 2443 1295 2484 In
1337 2456 1368 2485 c.
1411 2442 1546 2484 LXIV
1600 2447 1679 2483 118

75 2510 178 2551 haec
211 2512 330 2550 sunt:

306 2578 389 2621 Sed
418 2580 522 2632 quid
552 2594 620 2634 eye
652 2596 679 2622 a
707 2584 846 2634 primo
878 2584 1088 2635 diqressus
1118 2584 1307 2625 carmine
1333 2583 1465 2636 plura

311 2649 634 2702 Commemorem,
666 2656 713 2693 ut
745 2652 938 2706 linquens
966 2654 1167 2705 yenitoris
1194 2654 1290 2706 fllia
1320 2654 1484 2704 voltum,

313 2719 367 2762 Ut
398 2722 731 2774 consanguineae
761 2723 1027 2776 complexum,
1059 2727 1107 2765 ut
1137 2724 1313 2777 denique
1342 2724 1504 2774 matris,

306 2791 423 2843 Quae
453 2824 461 2832 .
498 2825 505 2833 .
540 2824 548 2832 .
