2013 3223
903 145 951 182 61

121 279 147 308 a
176 267 326 320 puellis
359 267 618 320 appellatum
650 267 791 308 fuisse.
842 268 1058 309 Librarius
1080 269 1209 321 igitur
1231 282 1255 310 a
1285 270 1419 323 primo
1452 271 1741 326 locovHesperi

119 337 300 378 nominis
332 337 384 377 ad
417 337 599 378 alterum
629 338 892 387 transcurrit,
927 351 1006 390 quo
1038 351 1162 380 versu
1195 342 1361 380 exarato
1394 341 1536 381 omisit
1567 343 1739 384 tertiam

119 407 210 448 eius
251 407 574 460 appellationem
619 407 723 448 item
770 408 814 447 in
863 420 1008 450 versus
1059 409 1176 450 initio
1216 410 1408 462 positam.
1449 435 1504 440 —
1548 411 1739 454 Eandem

117 477 270 518 erroris
303 489 485 526 causam,
519 477 592 517 sed
623 477 683 517 ita
714 479 763 517 ut
794 490 963 519 versum
997 483 1050 519 32
1083 479 1267 532 primum
1299 492 1388 520 esse
1422 481 1509 521 eius
1543 482 1738 535 strophae

117 549 299 601 putaret,
329 547 530 588 indicavit
561 547 646 588 iam
678 547 841 589 Usener
873 548 984 601 apud
1018 548 1063 590 Ο.
1095 549 1333 590 Frankeum
1372 550 1397 590 l.
1436 563 1467 591 c.
1508 564 1546 603 p.
1587 557 1640 593 45
1655 564 1737 604 sq.;

117 617 245 658 simul
274 617 379 657 illud
412 630 574 669 quoque
608 618 802 670 cognovit
832 619 1071 671 puellarum
1103 619 1298 672 strophae
1331 631 1402 660 sex
1433 633 1579 661 versus
1613 622 1739 663 amis-

116 700 184 728 sos
216 700 319 737 esse,
351 688 637 740 antistrophae
670 701 803 728 unum
833 688 1039 730 initialem
1070 690 1239 742 perisse.

233 830 295 869 Ac
327 828 376 868 de
410 829 521 869 vocis
543 828 708 880 {quotus
729 829 772 868 in
794 842 830 869 v.
853 834 909 870 40
943 829 1197 882 proprietate
1221 829 1412 870 dubitare
1439 842 1523 871 non
1556 830 1737 872 debebat

115 898 344 939 Baehrens.
404 898 546 939 Habes
588 899 698 939 enim
737 899 847 951 apud
878 898 1036 951 Vergil.
1067 901 1169 939 Aen.
1200 899 1284 943 ΧΠ
1315 905 1400 940 414
1444 900 1625 942 similem
1666 914 1736 943 vo-

113 969 253 1010 cabuli
288 960 560 1030 ‘inmanitas’
595 981 744 1009 usum:

173 1071 181 1079 .
215 1071 224 1079 .
255 1051 340 1079 uon
371 1038 450 1078 illa
479 1038 585 1089 feris
615 1037 830 1090 ivzeoynita
861 1038 1006 1090 capris

174 1108 390 1149 Gramina
423 1109 494 1162 (sc.
527 1108 794 1160 dictamnus),
827 1121 919 1148 cum
950 1111 1059 1160 teryo
1090 1107 1275 1149 volueres
1306 1108 1475 1150 haesere
1505 1110 1696 1162 sayittae,

112 1191 167 1220 sc.
200 1191 307 1231 quae
341 1181 561 1231 quaerunt,
594 1191 690 1219 cum
723 1179 888 1231 sagittis
921 1179 1102 1220 confixae
1135 1182 1234 1220 sunt
1267 1180 1314 1221 cf.
1348 1180 1397 1221 de
1421 1180 1567 1222 eadem
1588 1194 1632 1222 re
1651 1181 1733 1223 Cic.

110 1249 162 1290 de
192 1262 232 1289 n.
265 1249 302 1289 d.
333 1249 378 1289 II
410 1254 476 1291 50.

227 1389 299 1430 De
331 1390 583 1430 universa
614 1389 815 1430 tertiae
849 1389 1102 1442 strophae
1137 1389 1210 1442 (=
1233 1402 1267 1430 v.
1293 1391 1481 1444 39—47)
1516 1394 1566 1432 et
1589 1392 1730 1432 anti-

109 1460 358 1512 strophae
392 1461 465 1512 (=
497 1473 531 1500 v.
566 1460 756 1509 49—58)
789 1461 1078 1500 structura
1109 1460 1456 1511 grammatica
1487 1462 1644 1502 rectius
1666 1463 1730 1503 iu-

108 1530 263 1571 dicavit
292 1530 415 1570 Riese
449 1542 577 1582 quam
608 1530 836 1578 Baehrens,
869 1542 1048 1581 quorum
1080 1542 1280 1570 versuum
1313 1542 1401 1579 eos,
1443 1543 1546 1583 quos
1587 1545 1732 1574 neces-

108 1601 268 1641 sarium
298 1600 541 1649 videbatur,
580 1600 648 1640 hic
679 1599 805 1640 reddo
839 1612 863 1640 a
893 1599 938 1639 L.
971 1600 1173 1640 Muellero
1206 1600 1449 1641 distinctos:

351 1668 404 1711 Ut
432 1669 509 1720 flos
538 1670 587 1709 iu
617 1669 774 1720 saeptis
804 1672 984 1710 secretus
1014 1669 1207 1710 nascitur
1238 1669 1380 1719 hortis,

255 1745 310 1781 40
341 1739 517 1792 Iyuotus
530 1735 695 1790 'peeori‚
727 1738 844 1779 nullo
875 1738 1089 1779 convolsus
1120 1742 1277 1788 aratro,

345 1810 474 1862 Quem
504 1809 682 1850 mulcent
713 1822 858 1858 aurae,
889 1810 1035 1860 firmat
1065 1809 1136 1859 sol,
1169 1809 1318 1850 educat
1348 1810 1479 1851 imber

340 1949 475 1991 Multi
507 1949 629 1990 illum
657 1950 795 2001 pueri,
826 1949 982 1990 multae
1014 1952 1206 2001 optavere
1232 1949 1424 2000 puellae:

339 2020 460 2061 Idem
491 2034 584 2061 eum
614 2020 731 2060 tenui
763 2023 934 2071 carptus
966 2019 1162 2069 defloruit
1192 2020 1336 2072 uuyui,

339 2090 465 2131 Nulli
496 2089 620 2130 illum
649 2090 787 2142 pueri,
818 2089 961 2130 nullae
993 2097 1184 2141 optavere
1207 2089 1401 2142 puellae:

251 2167 305 2204 45
339 2159 411 2202 Sic
440 2161 556 2213 viryo
589 2163 630 2202 et
663 2174 699 2213 q.
733 2173 762 2202 s.

347 2299 399 2343 Ut
428 2301 561 2341 vidua
591 2301 640 2341 in
670 2301 783 2341 nudo
814 2301 913 2342 vitis
945 2315 1052 2353 quae
1084 2301 1278 2342 nascitur
1310 2314 1410 2342 arvo

252 2378 306 2414 50
338 2371 584 2423 Numquam
615 2384 656 2412 se
688 2371 856 2421 extollit,
889 2385 1122 2423 numquam
1154 2372 1295 2412 mitem
1327 2371 1476 2412 educat
1505 2386 1643 2422 uvam,

339 2440 422 2484 Sed
452 2444 640 2482 tenerum
664 2455 799 2493 prono
832 2442 1047 2492 deflectens
1071 2442 1258 2493 pondere
1291 2454 1440 2493 eorpus

335 2512 435 2552 Iam
464 2512 554 2552 iam
585 2513 786 2565 contingit
815 2526 1023 2554 summum
1054 2512 1198 2554 radice
1227 2511 1465 2565 flagellum,-

335 2582 465 2623 Hane
495 2581 606 2622 nulli
638 2582 858 2634 ayrieolae,
891 2582 1003 2623 nulli
1037 2581 1196 2624 coluere
1227 2583 1418 2624 iuvenci:

335 2652 396 2693 At
425 2653 464 2693 si
492 2654 599 2704 forte
630 2652 772 2693 eadem
804 2656 864 2693 est
892 2652 1004 2694 ulmo
1036 2653 1259 2694 coniuncta
1289 2653 1457 2702 marito,

249 2727 301 2764 55
333 2722 469 2764 Multi
500 2721 621 2762 illam
653 2722 873 2775 agricolae,
905 2722 1027 2763 multi
1059 2722 1218 2764 coluere
1250 2723 1416 2764 iuvenci
1427 2736 1441 2763 .·

334 2791 407 2834 Sic
437 2793 554 2845 viryo
587 2795 628 2834 et
661 2806 697 2845 q.
731 2806 761 2834 s.
