2013 3223
849 198 852 199 ⁷
871 141 955 199 {2757
971 197 1019 200 m

101 266 254 307 nuel-at
286 265 334 306 de
368 265 660 307 Callimacheis
703 265 1016 314 convertendis,
1055 266 1234 306 maxime
1276 288 1332 295 —
1371 267 1420 306 ut
1459 266 1550 307 iure
1589 267 1724 320 suspi-

101 337 222 377 catus
255 337 319 376 est
349 335 563 376 Baehrens
597 335 648 376 ad
680 348 716 375 v.
742 340 792 377 17
807 347 867 387 sq.
898 348 936 388 p.
964 340 1047 377 456
1083 359 1140 364 --
1170 338 1220 376 ut
1250 336 1359 377 vires
1393 338 1613 377 exerceret.
1664 338 1724 378 Ac

101 419 154 447 ne
191 399 339 467 ‘dicta'
375 406 476 447 eius.
509 404 618 457 quod
651 405 902 445 vocabulum
934 407 983 445 ut
1014 406 1150 446 multo
1183 406 1351 458 gravius
1384 406 1428 446 in
1458 406 1538 447 hac
1574 419 1618 447 re
1652 407 1724 447 ad—

101 476 239 517 hibuit
270 475 475 523 Catullus,
507 475 625 515 irrita
656 474 784 514 fuisse
824 476 947 527 putet
987 477 1029 516 et
1068 488 1116 517 ex
1161 473 1298 517 an'imo
1340 489 1414 517 suo
1458 469 1723 538 (effluxisse‘,

101 558 194 588 eam
228 547 278 587 ob
310 558 483 587 causam
513 545 646 586 mittit
682 545 804 607 (haec
836 557 1031 598 expressa
1074 546 1259 587 carmina
1291 538 1552 587 Battiadae’.
1614 547 1723 599 Ergo

99 617 204 657 illud
237 616 347 669 quod
378 617 445 657 vel
477 617 669 656 suaserat
699 616 765 656 vel
797 617 1016 668 optaverat
1049 616 1207 656 amicus
1240 618 1288 656 ut
1320 628 1410 657 rem
1449 617 1526 657 sibi
1571 617 1724 678 ccredi-

100 684 206 728 tam‘
257 687 451 739 ultroque
493 699 567 739 per
609 686 837 726 amicitiam
878 686 1062 727 oblatam
1103 686 1182 727 etsi
1224 699 1320 727 cum
1360 686 1439 728 fide
1483 688 1723 727 servaverat

99 757 273 810 eiusque
306 757 372 798 vel
403 757 624 798 consilium
655 757 721 797 vel
744 756 1071 797 admonitionem
1104 758 1273 797 secutus
1298 759 1400 799 erat.
1434 758 1578 797 tamen
1610 770 1723 798 nunc

99 828 271 869 demum
304 828 444 880 aliqua
475 840 519 868 re
553 827 690 868 subito
722 827 789 868 vel
821 827 870 867 de
895 827 1026 868 amico
1050 826 1405 868 commonefactus
1427 828 1493 868 vel
1516 827 1722 868 excitatus

99 899 177 939 hoc
209 911 378 939 carmen
411 897 741 939 Callimacheum
774 897 905 938 amico
927 897 1070 946 mittit,
1101 910 1185 938 non
1208 897 1295 938 sine
1331 898 1514 959 (conscio
1537 891 1722 946 rubore’‚

101 969 211 1010 sicut
242 969 382 1021 puella
417 968 557 1022 sponsi
588 968 749 1008 malum
782 968 823 1008 in
846 968 1003 1020 gremio
1027 970 1241 1008 servatum
1263 968 1421 1009 excutit
1442 968 1585 1017 invita,
1618 968 1719 1009 dum

99 1039 189 1080 eius
223 1039 350 1080 oblita
382 1038 556 1092 prosilit.
618 1037 747 1078 Plura
780 1038 949 1090 quidem
973 1050 1020 1078 ex
1052 1050 1166 1079 more
1199 1038 1268 1078 illo
1290 1038 1569 1079 Alexandrino
1603 1037 1723 1079 affert

100 1109 356 1162 comparatio
398 1121 525 1161 quam
576 1120 682 1160 quae
723 1108 959 1149 necessaria
997 1110 1117 1156 sunt,
1158 1121 1205 1149 ea
1247 1111 1390 1149 tamen
1430 1121 1506 1150 nec
1545 1110 1722 1150 molest-a

100 1192 177 1221 nec
219 1180 385 1220 omnino
425 1179 578 1220 inania.
651 1178 731 1220 Sed
776 1179 847 1231 qui
889 1179 1011 1219 aliter
1050 1179 1162 1220 hunc
1199 1179 1338 1220 locum
1379 1180 1721 1233 interpretantur,

99 1263 193 1291 eam
225 1250 387 1291 faciunt
425 1250 696 1298 inanitatem,
738 1252 786 1289 ut
826 1250 1021 1290 carminis
1062 1250 1174 1290 illius
1216 1263 1369 1290 munus
1412 1263 1508 1291 cum
1549 1263 1721 1292 munere

99 1321 180 1362 alio
214 1321 411 1374 quopiam
446 1320 533 1361 sine
566 1320 653 1360 ulla
686 1319 958 1360 similitudine
992 1320 1241 1361 conferatur.

216 1391 312 1432 Iure
353 1391 481 1443 igitur
520 1403 631 1430 nunc
670 1390 774 1430 mihi
816 1390 1063 1431 contendere
1112 1390 1252 1432 videor
1299 1394 1371 1432 aut
1419 1392 1581 1444 ineptos
1629 1403 1718 1433 esse

98 1473 244 1502 versus
269 1466 453 1509 59—62,
477 1460 684 1512 siquidem
716 1462 836 1500 tanta
867 1461 998 1501 moles
1022 1460 1116 1501 inde
1140 1473 1161 1501 a
1185 1473 1308 1501 versu
1339 1467 1390 1503 57
1416 1462 1647 1502 exstruitur
1669 1462 1722 1502 ad

98 1531 455 1585 comparationem
471 1530 655 1571 lacrimis
678 1530 1030 1583 madentibusque
1060 1532 1176 1583 genis
1200 1531 1490 1580 adhibendam,
1523 1535 1597 1572 aut
1629 1544 1721 1573 eam

98 1602 454 1655 comparationem
484 1601 534 1642 ad
567 1601 762 1642 lacrimas
795 1601 888 1642 illas
922 1602 1088 1642 omnino
1121 1602 1224 1642 nihil
1256 1603 1475 1655 pertinere.
1532 1604 1587 1643 At
1610 1603 1721 1643 enim

98 1672 288 1713 animum
311 1671 491 1713 advertit
525 1671 778 1724 comparatio
810 1671 882 1712 illa
914 1685 949 1712 v.
984 1677 1051 1713 57.
1085 1677 1138 1714 58

336 1741 488 1794 Qualis
522 1742 565 1781 in
597 1741 709 1782 aerii
736 1741 957 1792 perlucens
988 1742 1138 1783 vertice
1171 1743 1321 1783 montis

390 1812 522 1853 Rivos
553 1825 737 1853 muscoso
766 1812 977 1863 prosilite
1010 1812 1154 1864 lapide

97 1884 310 1925 simillima
341 1883 586 1924 Homericae
617 1883 638 1924 Ι
673 1890 725 1925 13

948 1953 997 1993 ἂν
1029 1946 1068 1994 δ’
1103 1946 1381 2007 Ἀγαλιιὲμνων

331 2024 484 2065 ἵστατο
517 2023 649 2079 δάκρυ
680 2022 785 2076 χέων
817 2025 873 2073 ὥς
906 2039 949 2065 τε
981 2024 1107 2080 κρήνη
1140 2023 1409 2079 ,ιιελάνυδροώ

333 2095 359 2151 ἤ
391 2110 434 2136 τε
465 2086 566 2135 κατ’
603 2092 826 2149 αἰγίλιπος
859 2093 1019 2151 πέτρῃς
1051 2094 1253 2151 δνοφερὸν
1281 2093 1363 2146 χέει
1401 2094 1535 2149 ὕδωρ·

96 2166 158 2206 ita
189 2167 331 2206 tamen
364 2167 409 2206 ut
440 2164 697 2220 ιιιελοένι·(ἳρος
729 2168 770 2207 et
802 2165 1004 2221 δνοφερὸν
1036 2178 1233 2206 conversa
1267 2166 1351 2206 sint
1383 2166 1424 2205 in
1466 2166 1719 2207 contrariam

97 2235 310 2277 notionem
333 2235 568 2287 perlucens.

214 2306 307 2347 Iam
339 2318 386 2347 ea
418 2307 671 2360 comparatio
705 2306 963 2355 Catulliana,
1005 2307 1039 2347 si
1077 2320 1159 2347 non
1202 2307 1254 2347 ad
1293 2307 1488 2348 lacrimas
1528 2306 1719 2355 refertur,

95 2376 177 2418 etsi
207 2377 312 2417 illud
346 2377 536 2429 cogitari,
578 2377 650 2418 sed
682 2389 902 2430 nunquam
934 2377 1112 2418 stabiliri
1143 2379 1283 2431 potest
1315 2379 1484 2431 poetam
1517 2378 1602 2418 sive
1635 2376 1714 2418 Ca-

96 2447 253 2488 tullum
286 2447 370 2488 sive
402 2447 732 2489 Alexandrinum
765 2448 949 2500 aliquem
983 2448 1034 2488 ad
1069 2448 1157 2488 eius
1191 2461 1316 2489 usum
1355 2448 1585 2489 deductum
1627 2459 1717 2489 esse

97 2518 368 2559 lacrimarum
413 2518 616 2559 memoria
662 2518 906 2567 Homerica,
954 2518 1004 2558 ad
1061 2518 1280 2571 sequentia
1327 2519 1536 2572 pertinere
1585 2518 1718 2567 debet,

96 2599 196 2629 nam
228 2587 342 2628 aliud
372 2599 454 2628 non
486 2588 749 2641 relinquitur.
810 2589 912 2629 Inde
954 2588 1058 2629 illud
1102 2601 1266 2641 quoque
1308 2601 1404 2630 cum
1446 2589 1532 2630 veri
1574 2589 1720 2630 simili-

97 2658 242 2699 tudine
276 2658 516 2711 explicatur,
548 2671 622 2700 cur
652 2662 775 2712 poeta
807 2661 972 2700 mutato
996 2659 1183 2712 exemplo
1217 2651 1544 2720 ‘perlucentem'
1580 2660 1717 2700 rivum

97 2728 380 2783 appellaverit.
441 2728 553 2770 Nam
583 2729 675 2782 ipsa
705 2730 778 2770 illa
809 2729 948 2771 lucida
982 2741 1116 2782 aquae
1150 2729 1307 2783 species
1348 2730 1506 2771 laetam
1546 2730 1717 2783 praebet

94 2798 313 2840 levaminis
345 2810 463 2852 spem
494 2800 722 2852 poetaeque
756 2800 938 2848 consilio,
971 2800 1043 2851 qui
1075 2799 1124 2841 de
1166 2799 1263 2840 Allii
1304 2800 1455 2841 auxilio
1500 2800 1579 2841 sibi
1619 2812 1714 2853 gra-
