2013 3223
885 156 936 192 59

218 278 311 319 Iam
341 279 488 327 restat,
520 280 569 319 ut
601 290 874 330 quaeramus,
906 292 1010 319 num
1042 278 1142 331 quid
1183 278 1244 319 de
1276 290 1531 319 versuum
1563 278 1726 318 amis-

102 361 280 389 sorum
311 361 523 389 numero
557 352 605 389 et
635 349 815 389 ordine
848 349 1039 401 cognosci
1070 349 1211 402 possit.

219 420 281 460 Ac
311 419 579 459 Lachmanno
611 419 680 459 le
712 418 896 459 dubitari
926 431 1047 472 posse
1078 419 1216 459 visum
1249 419 1335 467 est,
1375 418 1475 470 quin
1506 419 1603 471 post
1634 430 1727 458 ver-

102 500 198 528 sum
231 493 282 530 32
316 489 492 541 paginae
525 488 631 529 duae
662 489 701 529 h.
735 500 771 529 e.
803 489 1018 541 sexaginta
1050 501 1195 530 versus
1234 489 1455 541 perierint,
1496 487 1726 528 secundum

104 570 176 599 eas
217 559 400 599 rationes
442 558 491 599 de
531 559 669 599 codice
703 559 929 612 archetypo
961 559 1105 607 initas,
1138 570 1242 611 quas
1281 558 1325 598 in
1364 558 1616 599 recensendo
1649 557 1728 598 Ca-

100 629 206 669 tullo
239 631 407 670 secutus
441 630 515 669 est.
578 628 715 678 Quam
760 629 1016 669 sententiam
1057 629 1137 669 etsi
1176 628 1371 681 plerique
1413 628 1534 668 hodie
1574 628 1727 680 impro-

101 699 216 748 bant,
248 699 298 740 de
331 711 413 751 qua
447 699 643 740 Schwabe
675 700 718 739 in
749 699 876 752 praef.
911 699 1102 740 editionis
1134 699 1282 752 prioris
1313 711 1352 751 p.
1380 698 1594 750 XXIqu.
1628 710 1724 738 cum

101 769 215 810 iusta
246 770 324 810 viri
356 769 511 810 summi
542 769 793 810 verecundia
826 769 1014 822 exposuit
1055 770 1097 809 et
1136 771 1232 822 post
1267 769 1380 809 hunc
1420 768 1555 809 denuo
1598 780 1725 820 quae-

101 839 200 880 dam
240 839 291 880 ad
342 852 435 880 eam
484 840 640 880 rectius
685 840 1012 892 intellegendam
1054 840 1199 880 attulit
1238 840 1282 881 L.
1323 839 1476 880 Muller
1513 839 1556 879 in
1596 837 1724 891 praef.

99 923 138 963 p.
170 909 387 959 VH—-IX‚
419 912 561 951 tamen
593 912 878 964 contemptam
910 912 953 950 et
984 910 1189 951 abiectam
1221 911 1371 962 putare
1402 921 1476 962 per
1507 909 1617 949 tanti
1648 908 1726 949 viri

103 981 398 1022 auctoritatem
428 981 544 1021 nullo
577 981 698 1021 modo
738 981 892 1021 liceret.
956 979 1226 1031 Quamquam
1258 979 1313 1019 M.
1346 979 1493 1031 Haupt
1533 978 1726 1019 defensor

103 1051 314 1103 quondam
347 1051 435 1091 eius
470 1051 702 1091 sententiae
735 1051 963 1091 acerrimus
996 1049 1061 1103 (cf.
1096 1062 1157 1102 op.
1190 1049 1256 1089 ΠΙ
1287 1062 1324 1102 p.
1356 1049 1427 1101 36)
1460 1050 1606 1101 postea
1636 1048 1725 1101 ipse

101 1121 153 1161 ab
186 1132 234 1161 ea
264 1121 438 1161 recessit
469 1120 535 1172 (cf.
568 1133 629 1173 op.
661 1120 682 1160 I
713 1133 750 1173 p.
786 1120 857 1172 34)
869 1120 904 1169 *,
938 1119 1046 1172 quod
1079 1119 1128 1160 de
1163 1120 1254 1160 aliis
1288 1131 1453 1171 quoque
1486 1119 1725 1159 hominibus

101 1190 235 1231 doctis
274 1190 474 1232 indicavit
505 1190 555 1231 H.
588 1191 769 1243 Magnus
800 1189 856 1230 N.
890 1189 1067 1231 Jahrbb.
1105 1194 1184 1230 113
1221 1189 1370 1243 (1876)
1410 1202 1448 1242 p.
1481 1195 1578 1231 406.
1642 1188 1726 1230 Sed

99 1260 213 1301 enim
251 1260 353 1301 satis
396 1262 562 1301 constat
601 1261 711 1313 quod
752 1261 963 1313 quondam
1001 1259 1045 1300 P.
1083 1260 1245 1301 Bohme
1284 1260 1327 1300 in
1370 1261 1530 1312 quaest.
1573 1259 1725 1300 Catull.

99 1343 138 1384 p.
172 1335 222 1371 21
260 1343 334 1371 suo
365 1331 454 1371 iure
489 1330 601 1379 dixit,
639 1331 823 1391 rnullum
854 1330 939 1371 fere
971 1331 1088 1371 nasci
1119 1342 1167 1371 ex
1208 1330 1441 1382 cognitione
1473 1330 1725 1383 paginarum

101 1401 145 1441 in
177 1401 401 1454 archetypo
432 1401 670 1454 partitionis
704 1393 891 1442 lucrum.'

221 1470 302 1512 Sed
336 1484 384 1512 ea
417 1473 482 1512 est
511 1472 554 1512 in
586 1472 663 1512 hoc
694 1472 782 1512 loco
816 1472 918 1512 artis
951 1471 1118 1512 criticae
1152 1471 1348 1519 condicio,
1380 1472 1429 1510 ut
1450 1470 1651 1510 iudicium
1674 1469 1724 1510 de

101 1542 277 1583 lacunae
311 1543 472 1583 ambitu
503 1555 586 1583 non
617 1542 799 1595 pendeat
831 1554 879 1583 ex
906 1542 979 1582 illa
1003 1542 1245 1594 quaestione
1269 1541 1318 1582 de
1347 1553 1548 1581 versuum
1572 1540 1724 1581 codicis

106 1613 321 1666 archetypi
353 1613 645 1654 distributione
678 1613 949 1653 instituenda.
1011 1612 1158 1664 Neque
1191 1624 1287 1653 vero
1319 1611 1462 1664 profici
1495 1611 1727 1663 quidquam

100 1684 252 1736 potest,
285 1684 451 1724 etiamsi
480 1684 655 1724 nimiam
687 1684 804 1724 illam
835 1684 1100 1731 anxietatem,
1135 1695 1217 1735 qua
1239 1682 1421 1736 perculsi
1443 1682 1521 1722 viri
1544 1681 1652 1722 docti
1676 1681 1725 1722 de

102 1765 232 1806 parva
263 1755 434 1794 tantum
475 1754 626 1794 lacuna
666 1754 866 1806 suspicari
909 1754 1183 1806 perhibentur
1215 1765 1239 1793 a
1271 1753 1432 1793 Bonino
1464 1753 1491 1792 l.
1524 1765 1556 1792 0.
1587 1765 1625 1805 p.
1661 1758 1726 1800 11,

101 1824 225 1876 plane
258 1824 494 1865 exuerimus
527 1826 601 1864 aut
633 1824 852 1865 audaciam
886 1824 1099 1876 quandam
1122 1823 1440 1876 sumpserimus,
1473 1835 1600 1874 quam
1622 1822 1727 1862 nihil

105 1893 316 1934 deterreat
348 1896 390 1935 et
423 1906 529 1947 quae
565 1895 795 1956 <vaticinari
818 1885 1028 1935 didicerit’
1064 1894 1129 1934 vel
1156 1887 1363 1955 (cupiat'3
1399 1895 1440 1934 et
1473 1893 1583 1945 quod
1614 1892 1726 1933 idem

101 1965 230 2016 negat
260 1964 285 2004 l.
324 1977 356 2005 0.
396 1978 434 2018 p.
481 1970 503 2006 9
543 1965 755 2018 probabile
797 1965 955 2017 aliquid
996 1965 1063 2005 hic
1106 1964 1284 2004 divinari
1323 1975 1466 2017 posse,
1504 1963 1546 2003 id
1586 1963 1727 2016 ipsum

101 2035 376 2075 temerarium
409 2037 484 2084 est,
516 2047 593 2076 nec
624 2035 764 2075 minus
788 2035 910 2075 inane
934 2047 1062 2087 quam
1083 2034 1200 2083 illud,
1234 2034 1343 2086 quod
1367 2034 1565 2086 quoniam
1588 2033 1727 2074 omnia

101 2104 262 2145 incerta
295 2106 380 2146 sint
411 2107 453 2146 et
485 2106 681 2154 obscura,
721 2118 769 2146 ea
810 2106 990 2146 maxime
1030 2105 1289 2145 dubitatione
1330 2104 1636 2145 sententiarum
1676 2103 1726 2144 de

101 2175 300 2216 carminis
333 2181 387 2216 62
421 2175 688 2229 dispositione
711 2188 911 2228 magnam
933 2175 1221 2216 diversitatem
1245 2174 1437 2216 effectam
1469 2187 1559 2215 esse
1591 2175 1726 2228 putat.

102 2245 382 2286 Redeundum
415 2248 479 2286 est
511 2246 561 2286 ad
606 2249 846 2287 accurat-am
883 2247 1009 2287 huius
1050 2246 1128 2287 1001
1170 2245 1579 2298 interpretationem,
1620 2245 1728 2298 opti-

103 2328 219 2356 mam
251 2316 286 2357 si
316 2329 399 2357 non
431 2317 686 2357 vaticinandi
719 2319 763 2358 at
795 2319 906 2358 certe
940 2316 1155 2357 divinandi
1186 2316 1457 2368 magistram,
1497 2327 1580 2367 qua
1621 2315 1725 2356 duce

103 2387 366 2438 arrogantiae
408 2387 588 2440 speciem
631 2389 742 2428 certe
776 2387 1044 2440 effugiemus,
1085 2399 1192 2439 quae
1233 2386 1422 2440 inprimis
1461 2386 1505 2427 L.
1547 2386 1725 2426 Miillero

103 2456 146 2496 in
189 2457 438 2497 coniecturis
483 2457 532 2498 de
572 2458 650 2498 hoc
686 2458 775 2499 loco
827 2458 1028 2499 faciendis
1069 2457 1242 2497 vitanda
1283 2469 1374 2498 esse
1414 2456 1635 2497 videbatur
1676 2455 1725 2497 cf.

102 2526 232 2580 praef.
266 2527 354 2568 eius
385 2540 423 2580 p.
455 2527 612 2568 XXIH.

223 2599 284 2638 Ac
313 2598 498 2650 primum
540 2598 708 2650 quidem
740 2598 921 2639 vidimus
962 2610 1132 2639 versum
1174 2602 1251 2646 32,
1294 2609 1419 2649 quem
1459 2599 1555 2650 post
1594 2596 1728 2637 Lach-

102 2679 307 2708 mannum
340 2680 482 2709 omnes
515 2670 684 2721 excepto
712 2668 757 2708 L.
779 2668 968 2717 1111111010,
1002 2679 1262 2720 quamquam
1291 2667 1340 2708 de
1373 2669 1460 2708 toto
1494 2667 1583 2708 1000
1605 2667 1725 2719 longe

104 2737 228 2779 aliter
260 2739 413 2779 statuit
445 2751 493 2779 ac
528 2751 605 2780 nos
638 2738 703 2792 (cf.
743 2738 871 2792 praef.
911 2751 948 2791 p.
981 2737 1127 2778 XXIII
1139 2738 1238 2791 sq),
1281 2737 1448 2778 initium
1488 2737 1727 2790 puellarum

102 2808 302 2849 carminis
336 2820 426 2850 esse
467 2809 711 2858 voluerunt,
753 2821 849 2849 eum
890 2809 1028 2849 locum
1069 2819 1152 2848 non
1195 2807 1444 2856 obtinuisse,
1486 2807 1558 2848 sed
1597 2807 1728 2848 alium
