2013 3223
292 690 376 754 2.
430 691 572 751 De
610 686 1037 750 carminis
1065 685 1520 748 LXVIII
1556 684 1919 748 unitate.

412 906 620 949 Carminis
653 905 837 946 LXVIII
879 905 1088 945 unitatem
1131 903 1298 944 defendi
1338 916 1419 944 non
1462 914 1584 956 posse
1626 903 1705 943 nisi
1739 903 1789 943 ab
1825 902 1925 964 (im-

291 969 590 1034 prudentibus'
642 988 863 1029 nugasque
913 988 1003 1017 esse
1052 977 1094 1016 et
1141 975 1342 1028 ineptias,
1396 986 1502 1026 quae
1552 973 1604 1013 ad
1652 972 1925 1014 difficultates

294 1049 474 1104 opinioni
516 1048 587 1088 isti
635 1047 867 1088 contrarias
915 1046 1188 1087 removendas
1237 1045 1523 1099 proferrentur
1565 1044 1924 1097 interpretationis

293 1120 490 1168 remedia,
523 1119 658 1159 denuo
679 1130 814 1171 nuper
836 1118 878 1157 in
902 1117 1201 1158 commentario
1227 1116 1427 1157 acerrime
1461 1114 1676 1156 contendit
1697 1114 1926 1155 Baehrens.

294 1191 338 1232 Is
383 1191 493 1232 enim
528 1189 713 1241 quinque
758 1189 904 1229 attulit
945 1190 1195 1240 argumenta
1229 1190 1318 1227 tam
1350 1186 1482 1234 firma,
1516 1188 1564 1226 ut
1596 1197 1829 1237 numquam
1861 1197 1926 1225 re-

294 1261 424 1302 futari
446 1261 630 1313 possent,
664 1271 790 1310 quem
812 1271 1038 1298 numerum
1059 1258 1182 1298 Riese
1218 1257 1270 1297 ad
1299 1257 1584 1310 septenarium
1618 1256 1744 1304 auxit,
1778 1267 1927 1308 quam-

299 1344 426 1385 quam
458 1331 526 1371 hic
557 1342 640 1370 non
673 1329 849 1370 eandem
883 1329 1089 1369 rationem
1121 1329 1163 1368 in
1193 1328 1281 1368 eius
1305 1328 1500 1368 carminis
1534 1327 1833 1380 compositione
1864 1326 1928 1366 iu-

298 1402 475 1444 dicanda
515 1402 650 1449 tenet,
694 1412 821 1452 quam
863 1400 932 1440 1110
975 1401 1145 1440 secutus
1187 1401 1263 1439 est.
1325 1399 1358 1439 E
1392 1398 1598 1439 contrario
1639 1398 1749 1438 enim
1780 1397 1847 1438 hic
1879 1408 1929 1438 ea-

297 1473 493 1527 proponit
526 1472 775 1523 argumenta
809 1483 915 1523 quae
948 1470 1156 1511 unitatem
1189 1469 1369 1523 prodant
1401 1470 1450 1510 ab
1484 1469 1597 1509 exitu
1631 1468 1825 1509 carminis
1857 1479 1928 1520 pe-

296 1545 377 1585 tita
403 1546 445 1584 et
468 1555 515 1584 ea
539 1554 645 1595 quae
669 1542 937 1594 redarguant,
971 1553 1221 1592 summaque
1245 1540 1330 1580 fere
1360 1540 1448 1580 eius
1473 1539 1788 1592 disceptationis
1821 1539 1927 1579 haec

299 1616 382 1663 est,
424 1615 473 1654 ut
511 1615 608 1654 utra
649 1612 785 1665 opinio
828 1612 961 1652 verior
1000 1611 1054 1651 sit
1096 1610 1315 1651 diiudicari
1356 1609 1476 1650 facile
1523 1623 1604 1650 non
1644 1609 1788 1662 possit.
1849 1608 1928 1648 1110

300 1687 445 1726 autem
494 1684 709 1724 exordium
758 1683 847 1723 eius
897 1682 1093 1723 carminis
1138 1693 1161 1722 a
1207 1681 1376 1733 reliquis
1417 1680 1608 1733 partibus
1648 1679 1931 1732 separandum

298 1756 401 1797 nihil
450 1755 603 1795 habere
650 1766 770 1807 posse
820 1766 1040 1794 commune
1080 1765 1176 1793 cum
1217 1752 1281 1792 his
1315 1752 1392 1792 sibi
1434 1751 1655 1804 persuasit.
1729 1750 1809 1791 Sed
1859 1750 1931 1802 (1111

300 1826 538 1868 accuratius
573 1825 660 1865 eius
694 1824 780 1864 litis
815 1824 1016 1875 originem
1057 1825 1098 1863 et
1131 1822 1319 1863 ordinem
1350 1822 1546 1875 persequi
1578 1822 1698 1871 velit,
1736 1821 1934 1874 inspiciat

300 1899 348 1939 A.
370 1897 528 1937 Weisei
559 1896 722 1937 libellos
747 1894 850 1935 duos
885 1894 1157 1935 scholasticos
1192 1893 1284 1933 Zur
1306 1892 1458 1934 Kritz'k
1480 1893 1550 1933 des
1575 1891 1728 1933 Catull.
1763 1891 1930 1932 Naum—

300 1968 404 2021 bury
447 1972 559 2009 1863
608 1979 645 2020 p.
682 1971 838 2007 1--13
889 1971 930 2005 et
971 1964 1295 2017 chcrkmzyen
1340 1977 1394 2005 zu
1434 1962 1598 2004 Catulls
1644 1977 1675 2003 c.
1716 1963 1779 2003 68.
1814 1962 1933 2003 Zeita

304 2044 415 2082 1869
449 2052 487 2092 p.
514 2044 610 2090 lsq.
672 2039 732 2078 Ac
764 2037 1021 2085 Lachmann,
1054 2036 1203 2089 Haupt
1237 2036 1375 2087 etqui
1407 2036 1558 2076 horum
1591 2034 1778 2087 vestigiis
1810 2034 1932 2074 insti-

301 2111 446 2151 terunt
476 2109 521 2149 L.
554 2109 707 2149 Miiller
740 2109 782 2149 et
812 2108 860 2147 B.
895 2107 1088 2148 Schmidt
1126 2119 1260 2147 unum
1293 2118 1383 2147 esse
1415 2118 1583 2147 carmen
1615 2106 1779 2158 putant,
1812 2104 1933 2145 cuius

302 2181 479 2222 unitatis
522 2179 713 2220 defensor
763 2191 928 2231 quoque
971 2178 1074 2218 satis
1117 2177 1291 2218 idoneus
1333 2176 1496 2217 exstitit
1527 2176 1603 2216 Ad.
1636 2175 1851 2227 Kiessling
1889 2175 1934 2214 in

304 2251 506 2293 analectis
551 2250 802 2292 Catullianis
845 2248 1075 2302 Gryphisw
1112 2254 1221 2290 1877
1258 2248 1338 2295 ed,
1382 2248 1450 2299 qui
1500 2247 1543 2287 in
1588 2246 1934 2299 interpretatione

305 2335 393 2371 sua,
426 2334 554 2374 quam
587 2321 753 2373 saepius
788 2319 933 2361 afferre
967 2319 1187 2367 debebam,
1220 2322 1363 2359 tamen
1396 2331 1478 2358 non
1511 2318 1623 2358 omni
1657 2316 1830 2358 artificio
1863 2316 1936 2357 ab·

306 2392 467 2434 stinuit.

424 2463 572 2515 Neque
606 2474 702 2502 vero
726 2462 825 2514 quia
860 2474 979 2524 <casu
1001 2453 1193 2509 infelici’,
1227 2462 1275 2501 ut
1308 2460 1467 2501 dictum
1501 2461 1576 2509 est,
1609 2459 1735 2500 codex
1757 2457 1794 2497 V
1817 2457 1935 2511 prius

307 2546 475 2575 carmen
508 2533 532 2572 i.
566 2545 597 2573 e.
631 2546 666 2573 v.
702 2537 846 2574 1-40
879 2531 1106 2573 interstitio
1140 2531 1280 2583 aliquo
1325 2543 1348 2571 a
1381 2530 1574 2583 sequenti
1607 2541 1801 2582 separare
1833 2528 1936 2569 omi-

308 2604 381 2653 sit,
422 2603 574 2644 idcirco
617 2603 721 2643 haec
764 2603 950 2643 carmina
981 2603 1090 2643 inter
1123 2614 1166 2642 30
1201 2600 1490 2653 coniungenda
1528 2613 1619 2641 esse
1652 2599 1937 2647 arbitrabitur,

309 2674 379 2727 qui
411 2674 653 2714 meminerit
684 2673 798 2714 idem
832 2673 1075 2727 saepissime
1109 2672 1207 2713 alibi
1240 2672 1282 2712 in
1316 2671 1473 2713 Catulli
1514 2671 1768 2712 carminibus
1801 2669 1935 2711 diver-

309 2744 366 2784 sis
400 2743 612 2784 accidisse.
675 2743 767 2784 Nisi
798 2743 850 2785 H.
883 2744 1077 2796 Magnus,
1111 2743 1182 2795 qui
1216 2743 1306 2783 aliis
1339 2743 1382 2782 in
1414 2742 1538 2783 rebus
1572 2741 1707 2782 sobrio
1737 2752 1839 2781 usus
1873 2742 1939 2781 est

305 2814 459 2855 iudicio
493 2815 619 2866 atque
652 2815 694 2854 in
727 2815 805 2855 hoc
838 2815 1020 2855 carmine
1044 2813 1250 2866 quaedam
1283 2813 1438 2854 rectius
1473 2824 1601 2864 quam
1634 2811 1702 2852 alii
1737 2811 1839 2852 vidit
1869 2809 1937 2864 (cf.
