2013 3223
981 162 984 164 c
1044 107 1191 164 1ἓέ-

271 233 321 270 ut
353 230 405 271 ad
436 231 594 271 bellum
625 231 716 271 iret.
766 230 847 271 Sed
878 230 977 270 huic
1009 230 1069 270 rei
1100 242 1183 270 non
1216 229 1464 270 conveniens
1497 231 1562 269 est
1601 225 1782 285 ‘auctus‘
1824 229 1900 269 aut

279 298 494 356 ‹mactusss
528 300 638 352 quod
670 300 887 340 Baehrens
921 300 1243 349 commendavit,
1276 301 1350 340 aut
1389 296 1591 354 ¹functus’
1633 299 1743 351 quod
1771 299 1900 340 Pleit-

271 384 346 412 ner
392 372 435 411 in
483 371 683 423 opusculo
731 371 885 411 sterilis
928 370 1141 411 doctrinae
1189 371 1312 423 pleno
1362 368 1542 410 Studien
1586 382 1639 410 zu
1689 367 1894 410 Catullus.

270 440 496 493 Dillz'nyen
530 445 641 482 1876
675 453 713 493 p.
746 446 800 482 46
836 443 878 481 et
908 440 1032 481 Riese
1064 441 1108 481 in
1140 440 1276 481 adnot.
1310 441 1696 493 comprobaverunt.
1749 439 1901 480 Postu—

270 512 387 552 labat
435 511 604 563 quidem
645 512 734 551 iure
776 510 982 559 Pleitner‚
1023 513 1072 551 ut
1111 511 1203 564 ipsa
1243 523 1310 551 res
1349 511 1596 563 simpliciter
1636 523 1712 551 nec
1755 511 1899 551 ornate

271 583 599 634 significaretur,
631 582 741 622 unde
791 579 971 637 ‘auctus'
1022 584 1064 622 et
1111 579 1309 637 ‘mactus’
1357 582 1524 628 reiecit;
1567 581 1639 621 sed
1688 577 1890 636 ‘functus‘

272 654 386 693 caret
418 654 562 692 tamen
596 664 644 692 ea
676 652 954 704 proprietate,
988 664 1071 703 qua
1104 651 1320 693 Catullum
1352 652 1560 704 insignem
1594 663 1683 692 esse
1724 651 1899 692 constat.

270 723 362 763 Nisi
395 723 516 763 fallor
550 722 818 763 scribendum
852 724 916 763 est
946 721 1132 773 fruitus,
1166 721 1215 762 de
1257 721 1434 762 Veneris
1474 721 1640 774 gaudiis
1679 721 1900 770 usitatum,

271 793 320 834 de
365 793 516 845 quibus
565 795 613 833 ut
656 793 879 845 sequentia
928 792 1103 833 adderet
1152 817 1204 821 —
1262 792 1518 848 (lascivolam
1567 787 1893 844 degressionem’

273 864 458 916 appellat
489 863 706 903 Baehrens
747 887 805 891 —
836 875 919 903 non
960 863 1082 903 modo
1126 863 1264 903 uxoris
1307 863 1489 903 amantis
1531 862 1768 903 condicione
1810 863 1901 902 tam

271 934 383 974 tristi
417 934 701 975 Callimachus
735 933 943 975 adductus
977 935 1052 983 est,
1086 934 1157 975 sed
1191 934 1321 974 totius
1355 933 1551 974 carminis
1596 933 1776 974 consilio.
1838 932 1901 973 De

271 1017 320 1046 ea
352 1005 519 1046 notione
553 1004 602 1045 cf.
635 1005 802 1045 Lucret.
833 1005 894 1045 IV
932 1010 1044 1047 1070
1085 1017 1177 1061 ‘nec
1210 1006 1380 1045 constat
1413 1004 1513 1056 quid
1544 1003 1730 1058 primum
1771 1003 1902 1044 oculis

269 1076 551 1127 manibusque
584 1073 795 1116 fruantur’
836 1075 885 1116 cf.
921 1081 1030 1117 1097
1066 1075 1114 1115 B.
1175 1075 1363 1128 Propert.
1394 1074 1437 1115 II
1473 1081 1509 1124 9,
1543 1080 1597 1115 24
1638 1075 1736 1131 ‘isto
1779 1075 1903 1127 capta

269 1146 409 1187 fruare
443 1143 571 1186 virol‘
642 1134 760 1188 Ovid.
802 1149 901 1187 met.
941 1146 1003 1186 IX
1045 1152 1127 1188 724
1180 1146 1311 1202 ‘Iphis
1354 1147 1489 1194 amat,
1533 1157 1615 1198 qua
1655 1157 1775 1198 posse
1817 1145 1900 1185 frui

270 1214 500 1270 desperaff,
534 1217 626 1257 alia.
689 1217 751 1257 De
786 1217 950 1269 syllaba
980 1217 1097 1257 finali
1136 1218 1232 1257 ante
1276 1229 1420 1257 vocem
1461 1228 1656 1269 graecam
1697 1216 1900 1269 producta

269 1286 318 1327 cf.
359 1287 404 1327 L.
444 1287 597 1328 Miiller
630 1287 758 1340 praef.
790 1301 828 1341 p.
855 1287 1091 1328 LXXVIII.
1149 1287 1240 1328 Vox
1273 1289 1415 1328 autem
1457 1283 1750 1342 ‘hymenaeus'
1788 1286 1901 1326 idem

268 1358 382 1398 valet
415 1358 524 1410 quod
556 1358 886 1407 matrimonium,
920 1358 1145 1399 conubium
1178 1358 1226 1399 cf.
1258 1358 1380 1399 Lucr.
1402 1357 1462 1398 IV
1501 1363 1610 1398 1243
1653 1359 1712 1413 ‘et
1739 1357 1902 1397 multae

270 1429 433 1469 steriles
466 1429 710 1481 hymenaeis
744 1432 841 1470 ante
874 1429 1048 1470 fuerunt
1078 1426 1305 1482 pluribus'.

386 1569 608 1622 Pergimus
642 1570 694 1610 ad
727 1584 762 1611 v.
799 1577 863 1611 15.
926 1570 1056 1611 Poeta
1089 1571 1294 1623 explicare
1328 1570 1421 1611 vult
1455 1570 1606 1622 quibus
1649 1569 1786 1610 causis
1819 1569 1900 1610 Be-

267 1640 404 1681 renice
438 1640 620 1681 adducta
651 1641 692 1681 id
725 1642 869 1682 votum
891 1641 1055 1689 fecerit3
1089 1643 1131 1682 et
1154 1641 1351 1693 quoniam
1374 1653 1503 1681 novae
1526 1642 1681 1694 nuptae
1706 1640 1900 1692 querelas

269 1723 389 1751 coma
421 1711 617 1760 senserit,
650 1712 748 1752 hinc
790 1714 901 1752 certe
944 1724 990 1752 eo
1032 1712 1175 1752 mariti
1217 1711 1440 1760 desiderio,
1481 1723 1563 1751 non
1603 1711 1684 1751 alia
1726 1711 1813 1751 ulla
1854 1722 1899 1750 re

269 1782 491 1822 sollicitam
525 1794 618 1822 eam
650 1782 780 1823 fuisse
812 1784 948 1835 putat,
980 1784 1029 1823 ut
1062 1795 1105 1823 se
1138 1783 1273 1835 ipsam
1306 1782 1355 1823 de
1389 1782 1524 1835 capite
1548 1781 1691 1822 cedere
1724 1781 1899 1822 iuberet.

266 1852 418 1904 Itaque
461 1854 705 1906 ¹nocturnae
738 1845 866 1894 rixae'
904 1852 970 1906 (of.
1003 1853 1082 1894 loci
1115 1854 1165 1894 ab
1198 1853 1250 1893 H.
1284 1853 1505 1905 Magnusio
1546 1852 1664 1893 allati
1697 1851 1898 1892 Zeitsclzr.

265 1922 296 1974 f.
319 1922 357 1962 d.
385 1921 557 1974 Gynm.—
571 1922 634 1964 W.
672 1928 782 1965 1878
806 1937 844 1976 p.
868 1925 971 1976 504)
994 1924 1152 1964 mentio
1176 1923 1344 1964 deducit
1366 1925 1533 1977 poetam
1564 1936 1622 1973 eo,
1655 1924 1703 1964 ut
1736 1935 1899 1964 comam

266 1994 599 2046 interrogantem
631 1993 764 2046 fingat
795 1995 899 2035 haec
931 1995 997 2047 (ex
1030 1994 1209 2035 editione
1245 1994 1495 2047 Schwabei):

505 2063 640 2105 Estne
670 2065 791 2105 novis
821 2066 969 2116 nuptis
1000 2065 1095 2106 cello
1138 2064 1276 2106 Venus
1308 2067 1432 2116 alque
1458 2067 1688 2116 parentum

563 2134 856 2176 Frustrantm·
884 2135 1012 2188 falsis
1041 2135 1206 2188 gaudia
1239 2134 1489 2185 lacrimulis,

513 2204 702 2247 Uberlim
733 2206 913 2247 thalami
946 2220 1053 2258 quas
1085 2206 1204 2247 intra
1237 2205 1390 2246 limina
1421 2204 1644 2258 fmulmzl?

563 2276 673 2326 Non,
707 2277 771 2317 ita
801 2291 864 2317 me
896 2276 995 2326 clivi,
1027 2289 1129 2317 vera
1157 2279 1338 2329 gemunt,
1372 2276 1541 2317 inerint.

387 2346 473 2387 Nec
513 2347 617 2388 haec
658 2360 735 2389 nec
783 2360 832 2389 ea
883 2360 989 2400 quae
1038 2350 1276 2400 sequuntur
1316 2348 1368 2401 (v.
1414 2347 1602 2400 19—25)
1642 2346 1754 2387 aliud
1797 2345 1896 2398 quid

268 2419 470 2470 spectant,
503 2418 583 2458 nisi
616 2419 665 2459 ut
696 2418 738 2458 in
784 2420 903 2459 tanta
942 2419 1313 2471 magnanimitate,
1357 2420 1515 2471 quanta
1555 2419 1597 2458 in
1640 2430 1687 2458 ea
1729 2417 1898 2470 cognita

268 2490 332 2528 est
365 2489 417 2540 (v.
451 2493 503 2530 25
518 2489 607 2541 sq),
640 2491 783 2530 tamen
817 2490 1021 2530 acerrima
1054 2489 1187 2530 dulcis
1219 2489 1362 2529 mariti
1404 2502 1504 2530 cura
1546 2489 1709 2542 expleta
1750 2488 1897 2540 regina

268 2570 342 2599 suo
376 2558 580 2600 desiderio
623 2559 850 2601 indulsisse
892 2560 935 2600 in
975 2560 1164 2601 vovenda
1205 2573 1323 2601 coma
1363 2560 1539 2600 dicatur.
1608 2559 1757 2611 Neque
1797 2571 1895 2599 vero

266 2631 390 2682 poeta
425 2632 662 2690 ‘comparat
694 2632 861 2684 tempus
893 2631 1018 2684 paulo
1052 2631 1267 2684 superius,
1302 2643 1381 2683 quo
1416 2630 1561 2671 eadem
1602 2629 1800 2670 Berenice
1843 2628 1894 2669 ad

265 2699 403 2739 virum
437 2699 617 2741 adducta
640 2701 706 2742 vix
729 2700 842 2742 adire
865 2701 990 2742 huius
1014 2702 1148 2742 cubile
1172 2695 1335 2750 voluit’‚
1368 2701 1478 2741 unde
1501 2701 1695 2742 lasciviae
1730 2712 1895 2752 quoque

266 2769 425 2823 species
458 2772 680 2813 evanescit.
