2013 3223
987 194 994 195 ἶ
1019 140 1106 195 φ16

271 264 491 305 victoriam
522 276 633 304 nunc
674 275 747 316 per
786 263 1010 302 imminens
1051 262 1263 302 certamen
1302 261 1542 302 institutam
1585 261 1669 302 sive
1711 262 1893 314 positam

270 346 377 375 esse.
439 334 579 374 Verba
612 336 753 374 autem
784 331 927 383 facilis
958 330 1076 371 uobis
1104 344 1124 371 e
1146 331 1287 383 qualis
1302 330 1455 384 palma
1481 332 1541 372 ita
1573 332 1895 384 coniunguntur,

272 407 321 445 ut
350 403 496 456 facilis
529 404 783 444 attributum
816 402 870 442 sit
904 401 1013 453 quod
1037 401 1195 450 dicunt,
1227 414 1309 442 non
1340 401 1640 454 praedicatum.
1688 402 1895 443 Inseritur

269 476 417 515 autem
448 474 565 514 nobi-s
596 474 639 513 in
670 472 805 512 medio
836 472 1039 524 positum,
1073 471 1124 512 ad
1155 471 1300 523 facilis
1332 472 1458 512 simul
1491 473 1533 512 et
1565 472 1617 512 ad
1642 475 1803 523 parata
1835 475 1896 513 est

273 544 549 592 referendum,
583 545 630 583 ut
663 542 905 595 saepissime
940 542 1087 582 similis
1121 543 1334 583 collocatio
1363 542 1411 583 fit
1432 543 1473 582 in
1496 542 1546 582 iis
1568 543 1895 595 pronominibus,

273 615 324 655 ad
369 626 474 666 quae
515 613 712 666 primaria
758 625 824 653 res
866 615 908 653 et
958 613 1064 653 actio
1112 613 1376 665 aliquantum
1416 613 1599 666 pertinet
1645 613 1693 654 cf.
1737 626 1794 654 ex.
1837 627 1895 666 gr.

272 685 518 725 Baehrensii
559 684 779 724 comment.
825 683 876 723 ad
909 696 941 724 0.
975 689 1042 732 51,
1076 689 1174 736 3sq.
1219 708 1269 713 —
1313 684 1440 724 Porro
1483 684 1679 736 quoniam
1715 676 1892 746 ‘qualis'

271 755 435 808 puellae
470 754 780 803 describuntur,
813 756 939 806 auget
982 755 1110 795 etiam
1141 755 1485 807 perspicuitatem
1516 758 1641 807 poeta
1680 756 1895 796 Romanus

273 825 416 865 addita
447 826 542 877 post
574 825 823 865 allocutione
861 817 1112 886 (innuptae’.

389 895 481 935 Iam
515 895 584 948 qui
617 896 701 936 sint
731 896 804 945 illi,
838 896 909 948 qui
942 898 1088 948 agant,
1120 908 1197 937 nec
1228 896 1306 943 hic,
1339 896 1410 936 ubi
1431 895 1636 935 meditata
1656 894 1893 947 requirunt,

270 979 348 1006 nec
379 966 421 1006 in
453 979 490 1006 v.
526 972 590 1015 18,
622 967 694 1007 ubi
726 966 862 1007 dicere
893 966 982 1006 iam
1014 966 1230 1018 incipient,
1265 966 1444 1015 additur,
1478 966 1575 1018 quia
1597 965 1639 1006 id
1660 978 1734 1019 per
1755 966 1895 1019 ipsum

272 1038 545 1077 amoebaeum
592 1037 679 1078 eius
722 1037 917 1078 carminis
968 1037 1155 1078 ordinem
1195 1050 1278 1078 non
1323 1037 1444 1078 modo
1485 1049 1567 1077 non
1609 1036 1895 1077 necessarium

267 1109 354 1156 est,
388 1107 458 1148 sed
491 1120 543 1148 ne
577 1110 723 1161 aptum
757 1108 940 1160 quidem.
1001 1108 1203 1160 Idemque
1236 1108 1325 1148 fieri
1357 1108 1399 1147 in
1431 1121 1466 1148 v.
1500 1113 1523 1149 8
1556 1107 1681 1147 viden
1711 1109 1758 1146 ut
1790 1119 1893 1158 per-

268 1177 421 1218 niciter
452 1177 670 1219 exiluere?
703 1180 744 1219 et
776 1179 818 1218 in
850 1192 886 1219 v.
911 1184 933 1220 9
968 1180 1117 1219 canent
1149 1178 1260 1229 quod
1289 1178 1421 1218 visere
1446 1191 1535 1229 par
1567 1180 1626 1218 est
1657 1190 1751 1218 mox
1783 1178 1896 1218 vide-

270 1249 420 1289 bimus.
470 1249 550 1290 Sed
584 1262 632 1290 ea
663 1249 847 1302 pendent
880 1249 930 1289 ab
963 1249 1159 1289 universa
1202 1249 1397 1289 carminis
1438 1249 1706 1301 dispositione
1738 1248 1893 1289 nostris

269 1319 440 1360 demum
475 1320 789 1372 quaestionibus
821 1319 1038 1367 firmanda,
1072 1331 1155 1372 qua
1187 1320 1253 1360 vel
1284 1320 1375 1372 ipsa
1406 1320 1509 1360 haec
1532 1321 1658 1371 atque
1683 1319 1763 1359 alia
1786 1319 1895 1360 eius-

268 1390 382 1431 modi
413 1391 524 1431 ultro
558 1403 683 1431 suum
714 1391 859 1431 lumen
891 1391 1104 1443 recipient.

391 1461 473 1502 Sed
506 1461 555 1502 de
588 1462 793 1515 „palma“
827 1461 992 1514 gravior
1024 1474 1135 1502 nunc
1167 1463 1302 1502 restat
1343 1461 1544 1512 quaestio.
1608 1459 1820 1512 Quidquid
1852 1460 1894 1501 id

266 1534 346 1581 est,
380 1534 491 1573 certe
524 1533 602 1573 hoc
636 1534 810 1585 apparet
841 1532 946 1572 illud
980 1546 999 1572 e
1032 1531 1174 1583 Qualis
1208 1532 1260 1572 ad
1298 1544 1400 1584 opus
1438 1532 1640 1572 muliebre
1671 1531 1891 1584 pertinere,

268 1615 343 1655 per
387 1602 496 1655 quod
543 1594 768 1664 ‘palmam'
813 1602 975 1643 efficere
1018 1603 1168 1655 puellis
1201 1602 1322 1643 facile
1357 1603 1421 1642 sit.
1487 1593 1711 1663 ‘Qualum'
1752 1603 1895 1642 autem

269 1673 357 1713 sive
395 1665 601 1734 ‘qualusss
651 1673 760 1725 quod
802 1673 1052 1714 vocabulum
1086 1674 1350 1713 contractum
1383 1674 1446 1713 est
1483 1685 1503 1712 e
1539 1672 1721 1724 longiore
1761 1671 1894 1712 forma

271 1744 486 1796 *quasulo
520 1769 594 1793 —,
627 1744 736 1784 unde
769 1744 964 1796 vulgares
1004 1743 1161 1784 formae
1209 1735 1474 1805 ‘quasillum’
1521 1743 1606 1784 sive
1649 1734 1890 1805 (quasillus'

268 1817 385 1855 ortae
427 1817 526 1855 sunt
566 1814 633 1868 (cf.
667 1814 844 1856 Corssen
876 1814 921 1855 1²
963 1828 1000 1867 p.
1035 1816 1135 1866 652)
1170 1814 1295 1854 simili
1327 1813 1468 1862 modo,
1511 1826 1590 1866 quo
1637 1805 1806 1873 ‘pilum'
1853 1815 1895 1854 et

273 1877 419 1944 ‘toles'
464 1898 484 1926 e
526 1885 669 1926 formis
718 1877 1043 1947 (*pi(n‘)sulum'
1090 1887 1131 1925 et
1178 1885 1408 1945 cssto(n)sul
1441 1877 1514 1913 —'
1561 1884 1627 1938 (cf.
1662 1883 1707 1926 Ο.
1738 1884 1893 1933 Keller,

267 1955 388 1996 Neue
429 1955 602 1998 Jahrbb.
657 1961 788 2005 1886,
831 1950 999 2009 133'1).
1039 1961 1136 2005 844,
1170 1955 1231 2009 2),
1276 1968 1421 2007 graece
1463 1954 1659 2003 κάλαθος
1697 1955 1781 1995 sive
1820 1953 1894 1995 τά·

269 2026 411 2081 λαρος,
446 2027 654 2079 significat
685 2039 758 2068 vas
791 2028 1032 2075 vimineum,
1064 2027 1106 2066 in
1141 2039 1221 2078 quo
1256 2026 1447 2066 staminis
1478 2026 1640 2078 glomus
1664 2025 1767 2065 fusis
1801 2037 1894 2065 evo-

270 2098 387 2138 lutus
420 2099 698 2152 reponebatur
731 2098 780 2139 cf.
812 2098 863 2138 Η.
896 2098 1117 2146 Bliimner,
1152 2095 1416 2148 Teclmoloyie
1448 2096 1468 2136 I
1500 2109 1536 2149 p.
1573 2102 1652 2136 117
1669 2108 1728 2148 sq.

389 2169 579 2210 Pertinet
612 2171 755 2210 autem
786 2169 829 2209 id
861 2169 1080 2209 vasculum
1113 2168 1165 2208 ad
1197 2168 1365 2208 lanificii
1398 2179 1513 2220 opus,
1547 2166 1656 2218 quod
1678 2166 1892 2218 proprium

269 2238 352 2279 fuit
386 2240 620 2292 antiquitus
655 2240 869 2280 Romanae
902 2239 1040 2279 uxoris
1075 2239 1159 2279 sive
1192 2239 1341 2279 matris
1374 2237 1577 2284 familias3
1615 2236 1741 2277 nendi
1782 2237 1893 2277 enim

270 2312 313 2350 et
368 2310 532 2351 texendi
588 2311 756 2363 negotia
815 2323 862 2351 ex
918 2312 1057 2350 vetere
1113 2322 1227 2350 more
1282 2309 1324 2349 in
1386 2309 1490 2349 atrio
1546 2308 1794 2348 exercebant
1843 2306 1891 2348 cf.

269 2380 309 2421 J.
342 2381 610 2433 Marquardt,
651 2380 872 2421 Ro'mz'sche
902 2378 1192 2420 Privataltert.
1240 2380 1261 2419 Ι
1292 2393 1330 2432 p.
1366 2384 1443 2425 55;
1490 2379 1533 2419 Π
1570 2392 1607 2431 p.
1643 2382 1745 2427 128,
1787 2377 1890 2418 adde

270 2452 539 2492 notissimum
572 2452 621 2493 de
653 2453 849 2493 Lucretia
881 2452 1019 2492 locum
1057 2451 1167 2503 apud
1205 2450 1292 2490 Liv.
1330 2450 1351 2490 I
1392 2456 1458 2491 57.
1520 2449 1803 2489 Nominantur
1843 2459 1892 2488 ea

271 2534 296 2561 a
337 2522 498 2562 Tibullo
539 2523 593 2563 Π.
645 2530 684 2572 1,
728 2527 914 2565 61-66
962 2521 1170 2573 femineus
1223 2520 1340 2561 labor
1388 2520 1475 2560 ruri
1515 2520 1730 2568 colendus,
1781 2519 1892 2559 sicut

271 2593 437 2632 texendi
470 2594 585 2634 labor
617 2594 765 2634 hiemis
797 2594 989 2634 noctibus
1025 2592 1277 2633 exercendus
1301 2592 1560 2631 memoratur
1582 2602 1604 2630 a
1627 2589 1813 2642 Vergilio
1845 2589 1888 2628 in

271 2675 410 2715 georg.
450 2663 469 2703 Ι
504 2669 585 2705 293
601 2677 659 2716 sq.
730 2664 811 2705 Sed
853 2664 931 2704 etsi
971 2664 1074 2704 item
1113 2663 1221 2715 apud
1263 2663 1479 2703 Catullum
1522 2661 1698 2713 agrestis
1741 2671 1891 2700 scaena

271 2735 315 2773 et
346 2746 436 2774 mos
471 2734 749 2786 significatur,
782 2739 927 2775 tamen
967 2747 1043 2774 nec
1081 2734 1170 2774 neri
1210 2735 1348 2786 potest
1390 2745 1409 2773 e
1452 2732 1607 2784 qualis,
1646 2743 1723 2771 nec
1764 2730 1888 2781 vulgo

269 2804 356 2844 texi
389 2805 523 2845 solent
554 2806 740 2857 palmae3
773 2807 898 2846 netur
931 2805 1042 2846 enim
1073 2805 1115 2844 in
1150 2804 1294 2856 qualos
1332 2806 1373 2843 et
1413 2803 1612 2843 texuntur
1650 2814 1674 2842 a
1712 2800 1887 2841 lanificis
