2013 3223
1057 126 1138 162 150

284 246 531 300 profluxisse
564 248 699 289 fertur
722 260 844 301 saepe
877 251 1087 291 narratur.
1135 249 1254 290 Idem
1278 248 1450 289 Ovidius
1473 250 1571 289 met.
1595 248 1702 289 VIH
1726 254 1807 291 757
1821 260 1910 301 sqq.

284 316 334 358 de
367 317 496 358 Deoia
536 331 692 370 quercu
733 331 805 371 per
837 319 1188 372 Erysichthonem
1222 320 1397 360 sceleste
1439 319 1600 360 succisa
1642 319 1694 360 ad
1734 319 1912 360 Alexan-

284 387 427 428 drinae
459 388 595 440 poesis
630 389 868 441 exemplum
900 395 1057 431 narrat.
1121 390 1227 432 Cum
1261 392 1440 430 truncus
1472 390 1632 431 occisus
1665 391 1788 439 esset,

405 463 487 500 762
522 457 661 498 Haud
691 458 817 500 aliter
846 459 975 510 fluxit
1006 460 1193 503 discusso
1225 460 1373 501 cortice
1404 460 1592 512 sanquis,

523 528 661 580 Quam
693 529 804 579 solet,
839 534 937 571 ante
969 544 1073 572 aras
1104 531 1252 584 ingens
1283 530 1357 571 ubi
1387 531 1561 572 victima
1592 533 1745 571 taurus

521 597 726 649 Concidit,
760 600 943 652 abrupta
975 615 1099 642 cruor
1131 615 1150 642 e
1181 602 1336 642 cervice
1361 601 1583 653 profundi.

284 668 501 709 Catullum
535 672 678 711 autem
713 671 800 733 (hic
832 672 1021 724 ignotam
1055 672 1268 725 quandam
1300 672 1485 713 fabulam
1519 684 1616 713 cum
1648 672 1912 725 Hamadrya-

285 738 406 779 dibus
449 740 716 782 coniunctam
769 743 890 795 sequi
927 735 1076 784 videri'
1120 744 1336 785 Baehrens
1377 756 1459 783 non
1501 744 1589 784 sine
1630 743 1743 784 iusta
1785 755 1912 784 causa

284 809 523 862 suspicatus
558 813 623 852 est
655 811 704 853 cf.
737 825 775 865 p.
809 818 906 855 297.
968 815 1164 867 Appellat
1197 816 1340 855 autem
1372 814 1466 854 illas
1508 814 1715 866 nymphas
1758 804 1912 875 ‘deasss

284 879 392 931 quod
427 880 506 921 etsi
538 882 663 922 unius
696 882 835 923 Nonni
874 884 1114 925 testimonio
1155 884 1367 933 firmatur⁷
1411 884 1481 936 qui
1521 884 1756 937 Dionysiac.
1789 883 1912 925 XXII

285 957 366 991 118
398 943 700 1007 (Αμαόρυάὸος
732 952 779 995 δὲ
811 951 991 1010 θεαιίνης
1024 955 1138 1004 dixit,
1170 968 1244 1008 per
1275 955 1450 995 nimiam
1482 955 1696 995 licentiam
1728 954 1912 1007 neglexit

282 1020 329 1060 B.
365 1020 558 1063 Schmidt
590 1023 631 1063 in
677 1023 769 1065 adn.
812 1025 902 1065 crit.
963 1025 1005 1066 Is
1047 1026 1158 1066 enim
1200 1026 1375 1066 metrica
1412 1025 1601 1072 licentia,
1645 1025 1792 1066 deinde
1833 1025 1913 1066 hac

285 1086 498 1153 ‘dearum’
537 1095 826 1147 appellatione,
858 1098 1077 1148 praeterea
1109 1109 1214 1137 nova
1248 1096 1558 1150 comparatione
1601 1096 1728 1149 priori
1770 1095 1913 1136 addita

282 1165 516 1204 commotus
550 1166 624 1213 est,
657 1167 706 1205 ut
738 1165 786 1206 de
820 1166 1139 1219 interpolatione
1173 1167 1388 1219 cogitaret.
1451 1169 1511 1207 Ac
1553 1167 1602 1208 de
1636 1167 1912 1220 comparatio-

280 1233 404 1273 nibus
438 1234 706 1276 conferantnr
740 1248 845 1288 quae
878 1249 1005 1290 supra
1037 1251 1074 1290 p.
1111 1243 1191 1279 126
1227 1237 1459 1290 significata
1499 1239 1599 1278 sunt
1640 1237 1911 1289 congruentia

281 1316 378 1344 cum
410 1304 659 1346 Baehrensii
689 1307 1048 1360 interpretatione.
1098 1308 1179 1349 Sed
1222 1309 1387 1349 numeri
1420 1308 1710 1357 emendantur,
1744 1308 1779 1348 si
1812 1308 1912 1349 scri-

280 1374 427 1416 batur:

884 1448 1114 1490 Nutrz'vere
1145 1462 1304 1491 cruore.

281 1515 416 1567 Quem
453 1510 678 1579 (rosidum'
714 1519 922 1572 intellegit
954 1523 1078 1573 poeta
1111 1523 1158 1561 ut
1190 1520 1538 1573 Hamadryadum
1579 1520 1815 1573 proprium3
1859 1520 1909 1561 de

281 1600 361 1640 quo
395 1589 595 1630 vocabulo
629 1589 677 1631 cf.
709 1590 860 1632 Baehr.
895 1594 1114 1632 comment.

398 1730 558 1772 Versus
593 1737 764 1774 31—35
801 1733 924 1784 vulgo
957 1733 1016 1773 ita-
1048 1733 1159 1773 inter
1192 1745 1233 1773 se
1269 1732 1608 1785 distinguuntur:

516 1802 581 1842 Ac
614 1802 779 1843 domum
811 1802 1026 1844 dominam
1057 1815 1157 1844 voca

520 1872 723 1926 Coniugis
756 1874 956 1925 cupidam
988 1874 1097 1924 novi,

515 1943 702 1985 Μεηίενη
734 1958 876 1985 amore
908 1945 1153 1993 revinciens,

524 2014 579 2057 Ut
610 2017 738 2056 tenax
768 2015 923 2056 hedera
954 2015 1034 2056 huc
1067 2018 1103 2056 et
1133 2015 1213 2056 huc

515 2086 721 2127 Arborem
754 2085 946 2138 implicat
978 2101 1140 2127 errans.

278 2157 552 2210 Hymenaeus
584 2160 791 2207 monetur,
824 2160 873 2199 ut
909 2149 1160 2220 ‘dominam'
1206 2158 1229 2199 i.
1264 2170 1296 2198 e.
1329 2169 1480 2197 novam
1520 2159 1699 2210 nuptam
1738 2155 1910 2196 domum

282 2228 425 2268 mariti
458 2230 587 2269 vocet.
655 2228 736 2270 Sed
771 2230 848 2270 etsi
883 2229 1051 2270 domina
1090 2229 1157 2270 hic
1198 2229 1460 2276 nominatur,
1503 2229 1647 2268 tamen
1686 2239 1735 2267 ea
1771 2225 1911 2267 omnia

277 2299 418 2352 potius
451 2299 503 2340 ad
535 2300 737 2340 maritum
768 2313 942 2340 uxorem
975 2300 1198 2341 ducentem
1237 2299 1460 2352 pertinent.
1524 2298 1635 2339 Nam
1670 2287 1906 2358 ‘cupidam'

279 2382 361 2410 non
395 2371 590 2410 convenit
623 2371 829 2419 dominae,
864 2372 962 2423 quia
995 2371 1118 2420 haec,
1151 2373 1200 2411 ut
1240 2371 1324 2411 iam
1357 2370 1525 2411 Bonnet
1567 2369 1677 2422 apud
1710 2368 1910 2409 Rieseum

279 2442 321 2481 et
352 2440 569 2482 Baehrens
604 2442 1015 2491 animadverterunt,
1047 2443 1227 2494 ingenuo
1268 2441 1426 2495 pudore
1467 2440 1627 2481 tardari
1668 2439 1820 2480 dicitur
1860 2437 1913 2479 cf.

278 2524 314 2551 v.
349 2517 416 2553 81.
452 2518 516 2553 94.
553 2518 648 2554 100.
710 2513 819 2554 Hinc
849 2513 1065 2554 Baehrens
1103 2512 1261 2575 (cupidi
1293 2503 1462 2552 novam'
1499 2511 1679 2563 corrigit,
1712 2512 1760 2550 ut
1795 2521 1911 2565 tcon-

277 2582 387 2634 iugis
420 2576 576 2636 cupidi‘
614 2583 665 2624 ad
692 2576 918 2646 tdomum'⁷
953 2575 1147 2641 ‘novam'
1183 2583 1235 2624 ad
1271 2575 1521 2645 ‘dominam'
1558 2581 1774 2622 referatur.
1828 2579 1911 2621 Cu-

276 2653 400 2706 pidus
435 2654 546 2694 enim
578 2655 679 2696 item
711 2656 954 2696 nominatur
977 2656 1125 2696 coniux
1146 2655 1188 2695 in
1212 2668 1247 2696 v.
1273 2660 1338 2695 54.
1385 2654 1488 2694 Inde
1511 2653 1675 2706 cogitur
1693 2651 1908 2692 Baehrens

278 2725 499 2776 sequentia
533 2725 582 2766 de
615 2727 756 2766 mente
791 2725 982 2767 dominae
1015 2725 1306 2779 interpretari,
1341 2737 1446 2777 quae
1479 2724 1622 2764 mariti
1663 2734 1804 2763 amore
1846 2733 1910 2762 re-

280 2795 510 2845 vinciatur,
543 2798 592 2836 ut
623 2809 726 2837 uxor
768 2797 845 2837 viri
888 2797 1059 2838 domum
1100 2797 1289 2849 ingressa
1331 2808 1354 2836 a
1394 2796 1525 2836 libera
1563 2794 1784 2845 solutaque
1822 2792 1911 2833 vita
