2013 3223
873 151 923 188 51

72 272 203 316 idem
235 274 574 327 antegrediatur,
613 275 817 326 nocteque
855 277 1025 327 peracta
1056 275 1256 316 meritum
1294 275 1372 316 sibi
1410 287 1558 328 parare
1599 276 1713 318 fures

93 344 468 397 comprehendendi
498 345 707 397 potestate
738 344 862 384 facta.
922 345 1076 385 Itidem
1107 344 1194 386 fere
1235 345 1320 385 iam
1351 346 1405 386 M.
1439 346 1586 399 Haupt
1617 359 1714 388 cum

93 414 141 456 G.
172 414 414 455 Hermanno
445 415 472 454 1.
505 427 537 454 0.
571 426 639 454 003
671 425 818 464 versus
849 414 1078 456 intellexit:
1112 427 1156 454 so
1187 414 1359 466 beyreift
1380 428 1421 457 es
1441 415 1531 455 sich
1565 440 1617 445 —
1650 417 1713 456 in-

92 485 185 537 quit
216 508 270 513 -
302 484 381 524 wie
412 483 480 524 die
502 482 726 535 jiinylinqe
763 483 811 523 in
851 483 925 524 der
965 484 1133 536 darauf
1166 483 1275 537 (auf
1311 484 1381 525 die
1421 484 1600 537 anldaye
1641 485 1712 526 des

89 554 307 605 Hesperus
338 553 403 593 als
433 553 546 594 eines
577 553 712 593 diebes
743 553 841 594 oder
872 554 1074 609 raubers)
1104 554 1417 595 antwortenden
1437 555 1602 606 strophe
1633 555 1716 608 auf

90 624 159 665 die
190 623 304 665 diebe
333 624 530 664 hominen.
596 622 749 686 tDieli,
781 623 1017 675 Hesperus,
1059 637 1226 665 nennen
1256 625 1317 665 sie
1358 625 1482 666 einen
1524 625 1712 666 rauber?

90 694 149 734 du
180 694 260 735 bist
290 708 333 735 es
357 694 410 746 ja
439 693 605 746 yerade,
637 707 710 734 vor
741 694 833 735 dem
865 694 979 736 diebe
1009 694 1102 735 und
1130 695 1285 736 rauber
1315 695 1405 735 sich
1437 709 1506 736 am
1539 696 1713 737 meisten

89 754 266 805 sckeuen
296 756 494 805 miissen.'
560 764 753 805 Venusta
791 767 856 806 est
897 777 945 806 ea
982 766 1146 818 vesperi
1182 766 1499 819 prosopopoeia,
1543 778 1648 818 quae
1689 779 1713 807 a

89 835 310 875 iuvenibus
342 835 561 875 retinetur.

206 905 262 945 Et
300 905 547 945 Baehrensii
593 905 824 957 speciosam
873 905 1155 945 coniecturam
1210 898 1496 966 cdeprendis',
1541 919 1646 959 quae
1688 920 1712 948 a

89 974 196 1016 falsa
228 975 417 1028 opinione
450 975 651 1027 originem
682 975 821 1023 traxit,
853 975 1106 1015 reiciendam
1139 987 1229 1015 esse
1274 976 1403 1016 etiam
1444 976 1549 1016 addo
1590 989 1712 1030 prop-

89 1046 228 1094 terea,
261 1045 358 1097 quia
390 1057 438 1085 ea
470 1045 579 1085 sicut
610 1044 749 1084 Riesei
791 1044 1085 1085 credulitatem
1127 1045 1256 1097 cepit,
1296 1045 1398 1085 item
1441 1046 1544 1087 01103
1584 1047 1712 1087 inter·

87 1116 227 1167 pretes
258 1115 397 1154 minus
431 1116 574 1155 cautos
607 1114 727 1155 facile
759 1114 947 1167 decipere
979 1115 1121 1167 possit.
1168 1115 1279 1156 Nam
1302 1116 1454 1167 quibus
1477 1117 1709 1158 rationibus

88 1184 239 1225 ductus
272 1186 337 1225 est
357 1184 599 1225 Baehrens?
632 1184 932 1235 comprendere,
964 1185 1114 1237 inquit,
1147 1185 1218 1225 ubi
1241 1185 1351 1238 apud
1374 1186 1502 1227 bonos
1537 1187 1708 1239 quidem

88 1254 309 1307 scriptores
341 1255 385 1294 in
415 1255 481 1295 his
513 1255 637 1295 rebus
667 1255 881 1295 amatoriis
903 1256 1026 1308 plane
1049 1257 1098 1295 ut
1134 1248 1483 1316 ²deprehendere'
1518 1259 1709 1310 ponatur,

86 1337 169 1365 non
214 1325 357 1365 habeo.
398 1348 455 1353 ——
501 1324 583 1366 Sed
626 1325 677 1365 ad
717 1326 823 1366 tales
870 1337 959 1374 res,
1004 1326 1148 1377 quales
1190 1326 1407 1367 Baehrens
1455 1328 1613 1379 cogitat
1661 1328 1709 1370 cf.

87 1396 308 1435 comment.
341 1395 393 1435 ad
425 1408 460 1435 v.
495 1401 559 1436 33.
594 1401 660 1444 34,
695 1407 798 1447 quas
831 1407 958 1448 supra-
989 1409 1027 1448 p.
1051 1401 1105 1437 49
1129 1397 1214 1436 iam
1236 1397 1467 1448 tetigimus,
1499 1397 1534 1437 is
1559 1401 1708 1439 cantus

85 1477 168 1505 non
198 1465 419 1518 pertinuit,
453 1477 536 1516 qua
567 1465 616 1505 de
651 1477 796 1514 causa,
830 1466 1026 1518 quoniam
1063 1459 1428 1528 ‘deprehenditur'
1473 1468 1624 1520 aliquis
1666 1469 1709 1509 in

85 1534 174 1588 ipso
206 1535 407 1584 facinore,
447 1535 586 1576 media
626 1536 669 1576 in
709 1536 869 1576 actione
912 1536 1054 1588 aliqua
1094 1537 1160 1577 vel
1199 1537 1240 1577 in
1283 1537 1422 1589 aliquo
1463 1540 1601 1587 sta-tu,
1643 1539 1709 1580 hic

84 1605 227 1646 nullus
261 1607 325 1646 est
357 1606 393 1646 ei
424 1606 623 1647 vocabulo
657 1606 783 1646 100113.
847 1606 966 1657 Quod
999 1607 1201 1660 probatur
1233 1610 1282 1647 ut
1315 1609 1503 1661 exempla
1536 1608 1709 1650 afferam

85 1675 151 1716 his
183 1675 283 1716 10013
317 1675 453 1717 Ovidii
485 1688 519 1716 a..
554 1689 587 1716 a.
619 1676 663 1716 H
697 1681 777 1717 557

328 1745 416 1797 Quo
448 1746 595 1797 mayis,
629 1758 650 1785 o
681 1745 864 1795 invenes,
897 1746 1150 1797 deprendere
1175 1747 1342 1798 parcite
1372 1751 1552 1797 vestras,-

378 1815 562 1864 Peeeent,
593 1818 808 1866 peccantes
839 1815 964 1856 verba
996 1816 1158 1857 dedisse
1181 1820 1344 1868 putent,

85 1886 177 1927 Tac.
217 1889 315 1938 Agr.
356 1899 388 1927 c.
429 1892 474 1927 7:
514 1886 646 1938 iyitnr
692 1886 751 1926 ad
787 1885 1005 1926 sollemnia
1038 1887 1217 1937 pietatis
1248 1887 1467 1938 profectus
1505 1888 1707 1940 Agricola

85 1956 237 1996 nuntio
275 1956 476 2007 adfectati
518 1969 545 1995 a
586 1955 847 2007 Vespasiano
887 1957 1059 2008 'imperii
1092 1957 1368 2008 deprehensns
1400 1971 1449 1998 ac
1479 1959 1621 1999 statim
1662 1959 1709 2000 vin

74 2028 224 2077 partes
253 2029 540 2078 transgressus
573 2029 640 2076 est,
674 2040 705 2068 c.
742 2033 817 2068 15:
843 2040 975 2078 porro
1008 2028 1054 2067 in
1087 2028 1178 2068 eins
1210 2028 1321 2068 modi
1361 2027 1550 2068 consiliis
1583 2029 1704 2079 peri-

83 2095 264 2137 culosius
295 2109 379 2137 esse
410 2096 660 2148 deprehendi
693 2110 820 2149 qnam
851 2098 1018 2138 andere.
1069 2098 1148 2139 Sed
1172 2099 1432 2149 comprendis
1454 2112 1536 2140 non
1570 2100 1706 2140 solum

84 2167 373 2219 aptissimum,
407 2179 552 2207 verum
583 2168 702 2208 unice
745 2170 885 2221 aptam
926 2168 1054 2209 infert
1094 2169 1326 2217 notionem,
1369 2170 1565 2221 quoniam
1608 2170 1706 2211 huic

83 2237 314 2277 contrariae
354 2239 453 2277 sunt
493 2237 686 2278 notiones
727 2238 885 2278 latendi
926 2240 990 2279 vel
1031 2238 1274 2291 effugiendi,
1314 2252 1362 2279 ex
1405 2240 1554 2292 quibus
1593 2241 1706 2293 prior

82 2307 155 2347 illa
184 2306 252 2347 1110
283 2308 407 2347 antea
438 2308 481 2347 in
512 2320 548 2347 v.
583 2313 636 2348 34
668 2307 852 2349 indicata
885 2311 958 2349 est.

202 2376 282 2418 Sed
314 2379 447 2418 restat
479 2378 719 2419 etiamnunc
752 2379 920 2431 aliquid.
982 2379 1031 2419 In
1065 2380 1306 2432 opinionum
1339 2393 1498 2422 errores
1533 2381 1703 2422 deducti

83 2449 183 2488 sunt
213 2448 291 2488 viri
323 2447 433 2488 docti
464 2448 564 2489 locis
599 2449 852 2500 quibusdam
875 2462 922 2490 ex
954 2450 1016 2498 iis,
1051 2451 1202 2502 quibus
1223 2451 1438 2504 Hesperus
1473 2453 1514 2491 et
1537 2451 1704 2493 Lucifer

81 2519 390 2567 memorantur,
437 2520 486 2558 ut
533 2518 584 2559 ad
626 2519 738 2560 hunc
778 2520 916 2561 locum
958 2520 1245 2561 Catullianum
1287 2521 1381 2562 inde
1425 2521 1704 2563 transferrent

83 2599 176 2628 eam
216 2588 606 2641 interpretationem
648 2601 731 2641 qua
770 2590 850 2643 ipsi
890 2590 967 2630 sibi
1009 2591 1199 2631 veritatis
1241 2591 1549 2643 cognoscendae
1589 2592 1701 2633 viam

82 2658 365 2699 obstruebant.
426 2659 566 2710 Atque
599 2671 731 2700 unum
763 2661 912 2700 erroris
945 2673 1077 2712 genus
1109 2661 1291 2713 pertinet
1323 2661 1375 2701 ad
1409 2674 1489 2711 eos,
1523 2662 1595 2714 qui
1625 2676 1700 2715 pu-

81 2728 230 2769 tabant
259 2728 347 2769 loco
379 2727 661 2770 Callimacheo
693 2729 870 2771 Hecales
903 2730 950 2770 fr.
983 2731 1062 2770 LII
1094 2731 1255 2783 decepti
1297 2731 1477 2772 similem
1510 2732 1576 2772 hic
1606 2745 1700 2785 pro-

81 2796 180 2838 ferri
212 2798 464 2839 sententiam
495 2799 616 2840 huic:

1366 2871 1416 2904 4*
