2013 3223
865 141 946 178 149

102 279 210 319 quae
243 279 267 307 a
297 266 430 319 Libya
460 265 665 317 Indiaque
707 267 748 306 et
788 266 921 320 caesio
959 266 1076 306 leone
1119 264 1284 305 obviam
1324 262 1433 303 facto
1474 262 1560 303 vim
1599 274 1720 303 suam

99 337 313 389 recipiant,
346 335 535 377 concludi
566 347 686 388 posse
720 335 988 376 Alexandrini
1020 334 1216 376 carminis
1248 333 1537 373 imitationem.

217 476 267 517 V.
313 476 364 516 In
396 475 591 517 carminis
622 475 719 516 LXI
750 475 939 516 versibus
973 480 1144 515 21—25
1168 474 1295 525 virgo,
1328 472 1438 525 quod
1470 471 1722 512 vocabulum

104 559 203 608 tnon
235 547 322 587 sine
355 557 482 586 causa
514 545 696 597 graviter
727 546 770 585 in
800 545 927 585 finem
959 547 1023 586 est
1054 544 1268 592 reiectum,
1302 544 1390 583 tam
1426 542 1627 582 nimirum
1669 541 1722 582 ad

101 616 352 658 efferendam
383 615 670 667 virginitatem
691 616 897 656 intactam
920 627 1047 667 quam
1079 614 1130 654 ad
1155 613 1459 654 adnectendam
1484 613 1579 664 apte
1613 624 1723 652 com-

98 687 360 740 parationem
393 677 658 738 sequentem'
696 685 956 739 (Baehrens),
987 685 1072 725 iam
1105 684 1162 724 sic
1194 683 1483 736 praedicatur:

332 755 528 796 Floridis
558 754 669 796 velut
700 755 861 795 enitens

334 825 509 878 Myrtus
539 825 653 866 Asia
684 824 877 875 ramulis,

339 896 450 948 Quos
480 895 811 948 Hamadryades
843 896 944 936 deae

335 966 572 1007 Laeliorum
603 966 685 1007 sibi
716 966 854 1007 rosido

336 1035 549 1077 Nutriant
579 1035 763 1076 humore.

101 1107 152 1148 In
183 1120 307 1148 versu
338 1107 614 1148 Pherecrateo
645 1107 713 1147 hic
745 1106 875 1147 semel
907 1105 1073 1146 omnino
1107 1104 1314 1157 spondeus
1347 1115 1420 1156 pro
1454 1102 1620 1154 dactylo
1653 1113 1725 1154 po-

101 1178 206 1218 situs
240 1177 517 1231 suspicionem
548 1178 708 1226 movet,
742 1188 824 1229 qua
865 1176 908 1216 in
948 1175 1117 1216 licentia
1153 1186 1365 1226 nusquam
1403 1173 1501 1214 alibi
1540 1172 1725 1213 admissa

101 1247 272 1289 offendit
302 1248 390 1288 iure
422 1247 470 1287 B.
505 1246 697 1288 Schmidt
728 1247 771 1286 in
803 1246 896 1286 adn.
929 1246 1017 1286 crit.
1058 1258 1095 1298 p.
1139 1243 1330 1286 CXVIII.
1401 1243 1512 1284 Nam
1553 1253 1726 1283 excusa-

99 1319 258 1359 tionem
296 1318 398 1358 satis
430 1317 623 1357 idoneam
655 1329 719 1365 ea,
754 1328 859 1368 quae
892 1316 937 1356 L.
970 1316 1121 1356 Miiller
1154 1314 1205 1355 de
1237 1327 1281 1355 re
1313 1327 1368 1354 m.
1400 1327 1438 1366 p.
1476 1318 1555 1355 166
1590 1312 1726 1353 Lach-

100 1401 254 1429 manno
285 1390 513 1441 praeeunte
553 1387 807 1440 disputavit,
839 1386 936 1426 huic
977 1386 1168 1426 licentiae
1206 1397 1289 1425 non
1328 1386 1490 1437 parant.
1562 1383 1725 1424 Versus

103 1459 214 1499 enim
254 1458 458 1511 phalaecii
499 1458 703 1510 longiores
745 1459 863 1504 sunt,
910 1458 958 1496 ut
998 1456 1152 1496 ordinis
1190 1455 1355 1495 metrici
1395 1454 1489 1494 finis
1536 1453 1725 1506 proprios

100 1528 254 1569 referre
286 1529 419 1581 possit
450 1540 658 1577 numeros,
692 1527 857 1568 etiamsi
888 1526 1036 1580 prioris
1068 1526 1203 1579 partis
1225 1525 1390 1565 numeri
1413 1523 1725 1577 exceptionibus

103 1599 296 1640 admissis
329 1599 445 1639 velut
475 1599 518 1638 in
551 1611 581 1639 c.
614 1598 687 1638 LV
723 1610 797 1651 pro
839 1597 1005 1650 dactylo
1046 1597 1212 1649 saepius
1254 1595 1435 1649 spondeo
1477 1595 1611 1648 posito
1657 1594 1727 1634 ob-

103 1671 324 1710 scurentur
356 1669 404 1709 cf.
438 1669 486 1709 de
528 1681 571 1709 re
615 1681 669 1709 m.
712 1682 750 1721 p.
795 1673 890 1709 132.
963 1667 1044 1708 Sed
1087 1667 1197 1719 quod
1236 1667 1279 1706 in
1321 1666 1403 1706 illis
1446 1666 1564 1714 licet,
1602 1664 1645 1704 id
1683 1664 1726 1704 in

101 1740 358 1780 brevioribus
390 1739 671 1792 pherecrateis
714 1738 859 1779 eodem
899 1740 1021 1791 pacto
1063 1737 1232 1778 concedi
1272 1749 1356 1777 non
1398 1737 1726 1777 consentaneum

101 1810 279 1859 videtur,
313 1810 410 1862 quia
442 1810 483 1849 in
516 1809 593 1850 hoc
626 1821 750 1850 versu
781 1809 947 1849 numeri
977 1811 1146 1861 propter
1178 1808 1430 1848 brevitatem
1471 1806 1549 1847 coli
1582 1805 1633 1846 ad
1664 1805 1728 1845 in-

103 1882 269 1933 tegram
300 1880 645 1933 perspicuitatem
676 1879 777 1920 item
811 1879 978 1920 restitui
1000 1891 1081 1919 non
1103 1882 1292 1931 possunt.
1347 1876 1429 1918 Sed
1462 1876 1727 1932 eavlibertas,

103 1963 187 2003 qua
229 1950 436 2003 spondeus
477 1951 519 1990 in
569 1950 660 1990 basi
701 1950 891 2003 ponitur,
933 1949 1001 1990 hic
1040 1961 1204 2001 quoque
1246 1949 1416 1988 tenetur
1459 1945 1509 1987 cf.
1550 1959 1586 1986 v.
1630 1950 1726 1986 201.

105 2026 201 2062 231.
234 2021 282 2062 cf.
316 2020 459 2062 Christ
492 2019 677 2060 Bletrz‘lst
709 2034 746 2073 p.
782 2025 876 2060 523.

220 2091 392 2132 Accedit
426 2091 536 2143 quod
569 2092 659 2144 ipsa
692 2091 822 2131 oratio
856 2089 1126 2130 offensionem
1166 2088 1306 2129 habet.
1367 2087 1478 2128 Nam
1513 2076 1722 2148 ‘humore'

102 2174 179 2203 nec
211 2162 260 2202 de
295 2164 430 2202 terrae
463 2162 638 2202 humore
671 2160 859 2212 intellegi
891 2162 1044 2213 potest,
1078 2159 1176 2211 quia
1212 2149 1392 2220 ‘rosido'
1436 2157 1497 2197 ita
1535 2157 1728 2197 iunctum

101 2233 264 2273 nullam
295 2232 424 2273 habet
455 2232 552 2281 vim,
583 2244 660 2272 nec
692 2231 741 2272 de
773 2232 978 2271 nocturno
1001 2242 1103 2270 rore.
1152 2228 1262 2279 Quid
1285 2229 1397 2269 enim
1418 2226 1727 2280 hamadryades

104 2315 198 2344 cum
230 2303 320 2352 hoc,
353 2314 479 2354 quem
511 2314 593 2342 non
626 2301 825 2350 efficiunt,
859 2313 1078 2341 commune
1100 2300 1289 2341 habent?
1323 2299 1358 2340 si
1380 2311 1447 2339 ros
1470 2309 1608 2338 ramos
1641 2297 1728 2346 alit,

102 2372 410 2426 hamadryades
444 2385 512 2413 eos
543 2372 704 2412 nutrire
735 2373 964 2424 nequeunt.

222 2442 304 2484 Sed
345 2443 394 2484 de
444 2442 798 2495 hamadryadibus
858 2441 958 2494 quid
1001 2439 1257 2493 significetur
1298 2439 1472 2480 dubium
1514 2450 1604 2480 esse
1644 2450 1728 2479 non

101 2515 251 2567 potest.
315 2513 424 2554 Sunt
454 2513 685 2566 nymphae,
721 2524 847 2574 <quae
888 2524 973 2552 una
1015 2523 1111 2552 cum
1153 2510 1369 2551 arboribus
1409 2510 1643 2550 nascuntur
1684 2511 1730 2550 et

102 2575 336 2624 intereunt'
372 2583 505 2637 (Serv.
538 2583 590 2624 ad
622 2583 747 2634 Verg.
781 2583 853 2623 ecl.
886 2582 925 2622 X
958 2581 1041 2634 62),
1074 2583 1116 2621 et
1139 2583 1205 2621 est
1227 2593 1275 2621 ea
1298 2579 1433 2633 opinio
1457 2579 1507 2620 dc
1529 2579 1727 2632 nymphis

102 2655 146 2694 in
176 2654 277 2707 ipsis
311 2654 526 2694 arboribus
560 2654 795 2694 viventibus
819 2652 1031 2693 communi
1053 2653 1329 2703 cognatarum
1361 2650 1551 2703 gentium
1583 2662 1728 2703 super-

104 2725 271 2765 stitione
312 2724 553 2776 longissime
594 2723 844 2777 pervulgata
886 2722 934 2763 cf.
972 2722 1158 2763 Roscher
1196 2720 1388 2761 Lexikon
1428 2733 1466 2774 p.
1510 2725 1726 2772 1824sqq.

102 2795 165 2836 Ea
197 2796 340 2836 autem
372 2794 515 2836 fabula
548 2806 631 2846 qua
670 2806 718 2834 ex
760 2794 903 2834 arbore
946 2804 1067 2833 caesa
1108 2792 1279 2844 sanguis
1317 2791 1528 2844 nymphae
1569 2791 1727 2832 occisae
