2013 3223
816 140 1022 200 „19ss

226 265 328 306 Inde
357 265 600 306 Lachmann
633 266 675 305 et
707 264 778 316 qui
811 276 907 305 eum
940 263 1071 304 secut-i
1095 266 1194 304 sunt
1216 262 1409 304 commoti
1441 264 1490 302 ut
1520 262 1727 303 unitatem

109 335 306 377 carminis
348 334 619 375 defenderent
659 334 784 374 unius
826 334 1096 386 eiusdemque
1129 333 1226 382 viri,
1275 333 1346 385 qui
1385 332 1443 373 ibi
1474 332 1729 380 nominatur,

107 417 261 446 nomen
303 404 430 445 fuisse
471 404 662 445 Manium
700 404 859 444 Allium
899 405 981 444 rati
1023 405 1265 444 statuerunt
1305 405 1471 456 poetam
1511 415 1559 443 ea
1591 403 1730 456 appel-

108 475 275 516 lationis
304 475 546 515 diversitate
579 487 704 514 usum
737 486 840 523 esse,
872 476 920 514 ut
953 474 1130 515 eundem
1163 473 1430 527 praenomine
1463 473 1605 518 Manii.
1635 485 1729 514 mox

108 546 275 587 nomine
297 545 397 585 Allii
419 544 717 595 alloqueretur.
758 544 870 584 Illud
903 544 1032 596 igitur
1053 545 1310 597 reponebant
1340 556 1414 596 per
1446 545 1728 584 coniecturam

107 616 151 656 in
182 629 218 656 r.
252 622 302 655 11
339 617 381 655 et
413 620 479 656 30.
539 614 740 655 Inventae
775 627 938 667 quoque
984 617 1083 655 sunt
1113 614 1302 667 propriae
1337 627 1506 663 causae,
1547 627 1620 655 cur
1653 613 1731 655 Ca-

107 686 240 727 tullus
261 685 386 726 modo
407 685 486 725 hae
507 684 629 725 modo
651 685 723 725 illa
745 685 997 725 allocutione
1020 686 1222 733 uteretur,
1256 687 1304 724 ut
1334 697 1357 725 a
1380 685 1633 736 Kiesslingio
1655 685 1681 724 1.
1704 697 1736 725 c.

111 769 150 809 p.
186 761 261 803 15;
306 767 412 807 quae
455 755 629 796 artificia
670 756 807 795 omnia
840 756 907 796 hic
950 757 998 795 ut
1028 755 1193 808 plenius
1228 754 1419 796 afferrem
1453 767 1475 795 a
1507 767 1574 796 me
1606 755 1736 807 impe-

112 828 225 867 trare
272 838 355 866 non
402 826 532 878 potui.
595 824 704 875 Quid
745 825 852 877 quod
886 826 951 865 Fr.
985 825 1147 870 Scholl,
1195 825 1260 865 oui
1308 825 1477 877 quidem
1524 827 1573 865 ut
1612 828 1735 866 antea

115 895 336 937 Schwabeo
368 896 410 936 in
444 899 605 948 quaest.
637 909 674 949 p.
699 901 753 937 20
785 896 889 936 haec
922 896 1214 949 appellationis
1238 896 1458 937 diversitas
1491 899 1634 936 eontra
1659 895 1737 937 Ca-

112 966 208 1007 tulli
240 966 586 1007 consuetudinem
619 965 730 1006 facta
763 965 995 1014 videbatur,
1035 966 1076 1005 in
1110 979 1146 1005 v.
1181 970 1234 1007 30
1268 966 1476 1006 scribebat
1511 967 1585 1027 (1111
1618 958 1737 1015 Alli'‚

111 1036 154 1077 in
186 1050 222 1076 v.
247 1043 295 1077 11
331 1049 484 1076 nomen
516 1036 731 1089 proprium
762 1036 1059 1088 interpolatum
1095 1037 1273 1089 putabat
1305 1048 1516 1088 unamque
1550 1036 1737 1077 eiusdem

111 1107 188 1147 riri
221 1107 544 1160 appellationem
581 1107 641 1147 ita
673 1106 926 1147 restituebat
967 1106 1015 1147 cf.
1047 1105 1102 1146 N.
1137 1105 1288 1147 Jahrb.
1325 1112 1402 1147 121
1448 1120 1484 1159 p.
1518 1112 1615 1148 473.
1676 1109 1737 1147 Ac

111 1189 258 1218 rursus
291 1177 358 1217 alii
391 1178 646 1216 monuerunt
671 1175 887 1217 Catullum
920 1178 962 1217 et
993 1177 1262 1229 praenomine
1296 1179 1338 1217 et
1369 1177 1535 1217 nomine
1570 1177 1631 1217 uti
1664 1189 1736 1230 po-

111 1247 242 1288 tuisse
285 1247 334 1288 cf.
376 1247 422 1288 O.
462 1247 703 1288 Harnecker
743 1246 893 1299 Prong.
926 1246 1179 1298 Friedebery
1222 1246 1319 1287 Nm.
1364 1253 1468 1289 1881
1523 1261 1560 1300 p.
1598 1254 1736 1290 1—3.

114 1317 196 1358 Sed
229 1318 263 1358 is
296 1330 398 1358 usus
420 1318 463 1357 in
486 1317 654 1358 Catullo
686 1330 822 1369 neque
857 1317 1051 1369 redargui
1083 1330 1219 1369 neque
1253 1318 1421 1370 coargui
1453 1319 1602 1371 potest.
1642 1318 1737 1358 Alia

114 1400 278 1441 quoque
302 1389 470 1428 obstant
492 1388 589 1428 huic
613 1388 806 1440 opinioni,
840 1400 945 1440 quae
970 1388 1174 1440 copiosius
1207 1388 1406 1429 tractavit
1427 1388 1479 1428 K.
1496 1388 1540 1428 P.
1561 1389 1736 1429 Sehulze

113 1457 275 1498 Ztsehr.
307 1457 337 1509 f.
371 1457 408 1497 d.
445 1457 693 1510 Gemma-IV.
730 1463 842 1499 1880
875 1471 911 1510 p.
947 1464 1027 1499 353
1042 1470 1131 1510 sqq.

230 1530 289 1569 Ac
321 1528 549 1568 nemodum
593 1529 668 1568 has
704 1528 996 1581 appellationis
1029 1528 1298 1569 difficultates
1331 1530 1454 1582 plane
1487 1529 1633 1570 tollere
1665 1542 1737 1582 po-

110 1599 213 1646 tuit3
260 1611 416 1639 novum
458 1599 681 1639 artificium
722 1599 824 1639 bene
868 1599 1150 1651 excogitatum
1189 1599 1350 1640 addidit
1382 1599 1428 1639 B.
1463 1599 1654 1640 Schmidt
1694 1600 1735 1640 in

109 1669 213 1722 prol.
245 1682 282 1722 p.
316 1668 608 1721 CXXVHIsq.
670 1669 758 1710 Nec
790 1669 930 1709 minus
963 1669 1124 1710 frustra
1156 1670 1454 1711 laboraverunt
1485 1671 1736 1723 interpretes

111 1740 153 1779 in
184 1752 327 1780 rerum
360 1739 607 1780 difficultate
641 1739 905 1792 expedienda.

229 1880 321 1920 Iam
355 1892 460 1932 quae
501 1879 550 1920 de
592 1879 759 1920 fortuna
801 1892 985 1933 casuque
1019 1881 1165 1921 acerbo
1198 1881 1438 1922 indicantur
1470 1883 1511 1922 in
1545 1882 1734 1923 versibus

114 1963 241 2004 supra
273 1951 508 2003 propositis,
542 1952 738 2002 quoniam
763 1951 813 1991 ad
838 1951 1016 1991 eundem
1050 1952 1232 1992 amicum
1265 1952 1431 1993 derecta
1463 1965 1552 1993 esse
1584 1954 1736 2005 putan—

111 2024 182 2062 tur
215 2022 265 2062 ab
298 2021 502 2070 omnibus,
535 2023 577 2061 et
599 2021 887 2062 defensoribus
920 2022 1096 2062 unitatis
1121 2025 1162 2063 et
1185 2023 1445 2072 adversariis,
1478 2026 1525 2063 ut
1558 2035 1606 2063 ea
1638 2035 1735 2064 cum

112 2092 272 2145 epilogo
314 2093 547 2144 congruant
586 2092 675 2132 iure
713 2093 964 2145 postulatur.
1025 2093 1081 2133 Hi
1114 2093 1285 2145 quidem
1324 2095 1481 2146 negant
1521 2094 1597 2134 has
1630 2093 1735 2134 duas

110 2165 251 2216 partes
292 2162 377 2202 ullo
418 2162 539 2202 modo
579 2163 689 2203 inter
729 2175 771 2203 se
806 2163 1015 2204 conciliari
1056 2176 1198 2216 posse,
1240 2164 1300 2204 illi
1338 2164 1460 2205 modo
1498 2165 1574 2205 hoc
1613 2164 1735 2205 modo

110 2232 214 2273 illud
256 2232 597 2285 excogitaverunt
636 2232 914 2274 infortunium
955 2235 1077 2275 amici
1116 2247 1193 2275 nec
1225 2236 1367 2275 tamen
1401 2235 1441 2275 id
1473 2235 1735 2285 invenerunt,

113 2303 222 2356 quod
264 2303 433 2355 utrique
471 2304 581 2356 parti
622 2304 724 2344 satis
765 2303 931 2345 faceret.
994 2305 1048 2345 Et
1090 2317 1180 2345 esse
1223 2306 1336 2346 hunc
1377 2306 1734 2358 interpretationis

113 2376 310 2414 eventum
341 2386 474 2427 nuper
507 2374 721 2426 cognitum
754 2378 820 2415 est
850 2375 892 2415 in
925 2375 1001 2415 Ad.
1023 2376 1268 2428 Kiesslingii
1300 2376 1468 2417 invento
1503 2388 1601 2417 sane
1635 2376 1735 2416 arti-

111 2443 250 2485 ficioso
284 2445 325 2497 (l.
359 2457 390 2485 c.
423 2458 461 2498 p.
496 2445 578 2498 14),
613 2458 692 2497 quo
727 2445 1061 2486 adversariorum
1095 2446 1377 2487 dubitationes
1411 2447 1632 2487 sustulisse
1657 2446 1735 2487 sibi

111 2515 226 2555 visus
261 2517 335 2563 est,
369 2515 440 2556 sed
472 2527 553 2556 non
587 2516 785 2563 sustuIit3
820 2517 927 2569 quod
963 2516 1009 2558 O.
1041 2517 1283 2558 Harnecker
1315 2518 1339 2557 l.
1372 2530 1404 2558 c.
1436 2530 1474 2570 p.
1507 2523 1531 2558 4
1566 2517 1736 2558 demon-

111 2585 272 2626 stravit.

230 2655 341 2696 Nam
375 2656 484 2708 quod
517 2657 652 2697 denuo
684 2657 900 2698 Baehrens
940 2659 1177 2711 suspicatus
1219 2661 1284 2699 est
1318 2659 1382 2699 vel
1413 2671 1487 2712 pro
1520 2661 1632 2700 certo
1664 2672 1735 2712 po-

112 2726 209 2775 suit,
240 2726 417 2767 Malium
440 2739 610 2767 uxorem
644 2740 764 2768 suam
786 2732 920 2768 morte
954 2728 1156 2778 amisisse,
1189 2729 1223 2769 si
1255 2741 1400 2770 verum
1434 2731 1555 2779 esset,
1588 2729 1734 2770 statim

111 2795 247 2837 inanis
280 2798 393 2838 esset
424 2797 558 2838 omnis
592 2799 801 2850 quaest-io,
844 2811 946 2839 num
977 2799 1144 2839 initium
1185 2801 1226 2840 et
1258 2800 1393 2841 exitus
1427 2799 1614 2841 eiusdem
1646 2812 1735 2840 car-
