2013 3223
1021 115 1128 172 33¹}

392 306 464 346 VI.
511 306 559 347 In
584 319 616 347 c.
639 306 780 347 LXIII
805 312 857 348 74
871 319 930 359 sq.
962 308 1075 348 Attis
1099 308 1169 349 ubi
1191 308 1329 350 furore
1354 310 1491 351 animo
1515 310 1683 364 dempto
1715 311 1899 354 facinora

275 388 351 417 sua
383 378 524 417 mente
557 377 743 423 recoluit,
776 389 922 418 rursus
956 390 976 418 e
1009 391 1177 420 nemore
1221 380 1273 420 ad
1315 381 1442 421 maris
1476 381 1576 422 litus
1609 381 1718 434 fugit
1759 383 1898 435 ibique

273 449 448 499 questus
472 447 666 500 profudit.
701 446 945 499 Sequuntur
967 448 1011 488 hi
1034 462 1178 490 versus
1195 451 1253 491 sic
1269 450 1354 492 fere
1373 451 1416 491 in
1434 451 1471 491 V
1493 452 1704 504 quondam
1728 453 1898 506 scripti:

508 516 660 557 Roseis
690 520 737 557 ut
768 517 865 559 hinc
897 517 1062 559 labellis
1092 520 1255 561 sonitus
1287 521 1398 561 adiit

511 586 716 628 Geminas
748 587 918 629 deorum
951 589 1010 629 ad
1040 590 1162 630 auris
1193 603 1301 632 nova
1331 592 1486 632 nuntia
1517 592 1712 645 referens.

269 660 330 699 Ac
361 657 545 710 primum
579 658 750 710 quidem
783 659 855 711 qui
886 659 1133 701 Baehrensii
1167 663 1576 713 argumentationem
1609 664 1663 717 (p.
1698 665 1799 717 354)
1840 664 1899 705 le-

270 729 388 781 gerit,
431 729 467 769 ei
506 728 680 769 dubium
725 742 815 770 esse
857 743 938 770 non
979 732 1134 783 potest,
1170 732 1270 784 quin
1301 732 1523 774 Froehlich
1561 736 1672 775 recte
1714 736 1899 775 metrum

271 800 499 852 expleverit
540 799 757 840 scribendo
801 813 948 862 csonus
992 793 1175 849 editus';
1216 814 1336 855 porro
1384 795 1519 865 ‘hinc'
1563 827 1618 832 —
1663 804 1772 856 quod
1812 805 1899 858 ple-

268 882 448 922 rumque
481 871 699 911 mutatum
733 872 798 911 est
830 896 884 900 —
920 872 1151 924 explicatur
1183 873 1374 914 versibus
1409 879 1462 915 47
1498 876 1539 915 et
1572 880 1639 923 48,
1682 875 1754 916 ubi
1784 875 1898 916 Attis

269 940 321 981 ad
337 953 453 981 mare
477 940 602 994 pedes
626 942 840 983 rettulisse
870 942 1043 990 dicitur;
1077 943 1170 984 inde
1194 944 1322 995 igitur
1346 947 1522 997 questus
1546 945 1634 986 eius
1660 937 1894 1007 ‘adierunt'

269 1011 320 1051 ad
357 1003 584 1073 ‘geminas’
621 1025 706 1052 non
747 1010 973 1068 ‘deorumss
1006 1013 1078 1054 sed
1112 1014 1211 1055 deae
1246 1015 1334 1055 eius
1369 1027 1513 1064 aures,
1547 1015 1599 1056 ad
1641 1028 1767 1068 quam
1806 1029 1900 1070 per-

267 1082 459 1123 tinebant
493 1081 542 1124 οἱ.
574 1082 618 1122 L.
650 1083 803 1139 Miiller
835 1084 962 1137 praef.
995 1097 1031 1137 p.
1065 1084 1257 1137 XXVsq.
1306 1085 1415 1126 Nam
1448 1086 1571 1127 Riese
1605 1088 1717 1127 recte
1757 1085 1890 1143 ‘deae'

268 1153 466 1205 reposuit,
499 1153 571 1194 sed
605 1153 745 1194 hiatus
780 1155 998 1206 sequentis
1031 1155 1227 1196 lacunam
1261 1156 1422 1208 explere
1456 1168 1537 1197 non
1575 1157 1723 1210 potuit.
1788 1156 1898 1208 Quo-

268 1224 383 1264 niam
415 1224 545 1276 igitur
577 1224 657 1264 dici
690 1224 824 1273 debet,
858 1237 1007 1265 sonum
1040 1225 1200 1266 editum
1233 1226 1327 1267 inde
1361 1226 1534 1267 tandem
1565 1227 1803 1280 pervenisse
1845 1227 1898 1269 ad

269 1294 370 1335 deae
404 1294 580 1348 Cybeles
615 1308 749 1344 aureS‚
784 1308 890 1348 quae
933 1298 1025 1336 tum
1068 1296 1158 1349 ipsa
1201 1296 1252 1337 ad
1292 1309 1407 1337 mare
1446 1309 1619 1350 propere
1660 1300 1780 1339 vecta
1821 1299 1897 1349 est,

269 1365 387 1407 deest
419 1367 671 1407 vocabulum
711 1364 830 1423 ‘iam’
866 1370 961 1420 post
996 1365 1163 1423 cdeae’:

502 1435 653 1477 Roseis
683 1439 730 1477 ut
761 1436 860 1478 lame
891 1437 1056 1478 labellis
1086 1450 1214 1478 sonus
1246 1438 1384 1479 editus
1416 1438 1527 1478 adiit

510 1506 718 1548 Geminas
750 1507 851 1549 deae
882 1508 990 1549 iam
1023 1508 1082 1549 ad
1112 1522 1239 1549 aures
1269 1522 1378 1550 nova
1410 1509 1567 1549 mantia
1598 1509 1795 1561 referens.

383 1720 478 1760 VII.
528 1719 736 1761 Carminis
768 1720 908 1760 LXVI
948 1721 1181 1774 complures
1222 1721 1352 1769 locos,
1395 1721 1438 1761 in
1482 1721 1633 1773 quibus
1676 1721 1724 1762 de
1767 1722 1896 1763 inter-

263 1791 497 1844 pretatione
532 1792 606 1831 aut
639 1790 687 1831 de
721 1791 898 1831 lectione
932 1790 1214 1832 dubitationes
1255 1794 1420 1832 exortae
1466 1794 1583 1841 sunt,
1625 1795 1700 1833 aut
1739 1792 1894 1834 rectius

262 1862 567 1915 interpretatus
601 1874 690 1902 esse
725 1863 799 1902 aut
831 1862 1077 1903 emendasse
1110 1862 1214 1902 mihi
1246 1862 1398 1903 videor.

444 2010 462 2044 1
505 2001 662 2044 Omnia
693 2003 767 2055 qui
799 2003 945 2056 mayni
977 2003 1161 2056 dispexit
1192 2003 1358 2044 lumina
1390 2003 1551 2053 mundi,

561 2074 646 2126 Qui
676 2073 896 2115 stellarum
929 2077 1044 2115 ortus
1075 2075 1276 2126 comperit
1307 2077 1432 2126 atque
1462 2074 1608 2124 obitus,

498 2144 544 2185 F
546 2144 748 2186 lammens
780 2148 828 2186 ut
859 2146 1008 2197 rapidi
1039 2145 1140 2186 solis
1171 2145 1285 2186 nitor
1316 2145 1568 2195 obscuretur,

568 2215 622 2258 Ut
654 2217 803 2257 cedant
834 2217 958 2258 certis
988 2217 1134 2258 sidera
1166 2216 1431 2268 temporibus,

442 2293 464 2329 5
507 2286 562 2329 Ut
595 2287 790 2329 Triviam
819 2287 972 2340 furtim
1003 2287 1078 2329 sub
1111 2287 1287 2328 Latmia
1318 2301 1428 2328 saza
1460 2287 1651 2340 releyans

558 2357 713 2400 Dulcis
746 2372 865 2400 amor
893 2372 996 2412 5]er
1029 2359 1188 2400 devocet
1220 2359 1347 2408 aerio,

263 2431 304 2470 et
338 2442 374 2481 q.
408 2442 437 2470 s.
499 2429 549 2470 In
582 2443 707 2471 versu
740 2436 766 2471 4
805 2432 866 2487 (ut
887 2430 1037 2471 cedant
1059 2430 1183 2471 certis
1205 2429 1351 2470 sidera
1374 2427 1648 2482 temporibus'
1687 2429 1730 2470 id
1763 2428 1891 2470 offen-

264 2500 369 2541 sioni
400 2500 493 2550 fuit,
527 2501 635 2553 quod
670 2501 867 2554 quoniam
899 2502 943 2542 in
975 2515 1010 2542 v.
1053 2507 1076 2542 2
1122 2501 1342 2542 stellarum
1384 2502 1500 2541 ortus
1544 2502 1585 2541 et
1628 2501 1766 2541 obitus
1807 2501 1892 2541 iam

262 2574 614 2612 commemoratus
648 2574 724 2621 est,
756 2572 799 2612 in
831 2585 867 2613 v.
901 2578 924 2614 3
959 2572 1056 2613 solis
1090 2571 1296 2620 defectus,
1329 2571 1396 2612 hic
1427 2571 1550 2624 plane
1593 2571 1704 2612 idem
1746 2571 1796 2612 de
1838 2571 1892 2612 si-

262 2641 410 2683 derum
455 2655 604 2683 occasu
646 2643 779 2696 repeti
818 2643 1042 2684 videretur.
1109 2643 1269 2683 Idcirco
1309 2642 1352 2682 in
1393 2655 1428 2682 v.
1467 2647 1494 2683 4
1537 2642 1585 2683 de
1628 2642 1760 2684 stellis
1812 2641 1893 2683 dici

260 2725 343 2753 non
375 2715 525 2766 potest.
590 2713 671 2755 Sed
705 2714 803 2766 quia
834 2714 879 2754 in
912 2727 948 2755 v.
982 2720 1083 2766 bsq.
1116 2714 1240 2754 lunae
1283 2713 1471 2754 defectus
1511 2715 1553 2754 et
1592 2713 1777 2754 latebrae
1818 2724 1893 2753 no-

261 2785 424 2833 tantur,
456 2784 513 2825 ibi
545 2786 713 2826 tantum
747 2787 846 2838 apta
878 2787 942 2826 est
974 2785 1130 2826 mentio
1164 2786 1239 2825 aut
1272 2784 1370 2825 solis
1403 2784 1528 2825 unius
1569 2785 1644 2824 aut
1684 2783 1783 2824 solis
1825 2783 1892 2824 lu-
