2013 3223
863 142 916 179 31

83 268 376 320 interpretatio
407 267 450 307 id
482 267 622 320 ipsum
645 266 779 306 denuo
814 267 1044 316 confirmat,
1077 266 1187 319 quod
1219 267 1351 319 posui,
1384 267 1426 307 in
1457 267 1574 308 initio
1609 269 1700 320 qui-

83 339 178 378 dem
211 338 390 378 alterum
422 337 594 378 chorum
627 337 799 377 alterius
839 338 965 378 verba
995 350 1078 378 non
1109 337 1326 390 respicere.
1394 331 1694 399 ‘Consurgere'

81 408 210 460 igitur
232 407 404 447 denotat
425 407 703 447 voluntariam
737 407 950 458 quandam
983 408 1024 448 et
1056 407 1311 459 singularem
1334 408 1552 457 actionem,
1589 420 1700 469 tsui·-

81 469 195 531 gere'
232 479 274 518 et
308 478 513 539 klinquere
552 468 739 517 mensas‘
774 477 993 529 vulgarem
1025 478 1068 518 et
1099 489 1362 518 communem
1394 490 1552 518 morem
1585 490 1619 519 e.
1651 491 1699 528 0.,

82 549 153 600 qui
185 560 286 589 cena
316 549 487 601 peracta
518 547 585 587 vel
615 549 802 600 tempore
827 548 946 588 solito
980 548 1152 588 obtinet.
1192 547 1278 588 Eae
1311 549 1453 588 autem
1484 548 1527 588 in
1558 549 1699 590 verbis

81 619 342 671 simplicibus
385 620 427 659 et
467 618 510 658 in
541 618 678 658 verbis
709 630 784 670 per
818 609 968 679 tcom·>
1004 618 1242 671 compositis
1273 618 1493 658 notionum
1524 618 1698 660 diversi-

79 691 209 737 tates,
252 689 332 729 etsi
373 700 536 741 semper
576 687 627 728 ad
670 700 798 728 unam
841 688 1017 728 eandem
1057 700 1104 729 ac
1139 688 1384 741 primariam
1417 688 1695 730 differentiam

79 759 273 809 redeunt,
317 761 461 800 tamen
492 771 566 812 pro
603 759 663 799 rei
696 759 897 810 cuiusque
932 771 1038 810 quae
1072 759 1211 811 agitur
1242 759 1446 800 varietate
1477 759 1592 812 ipsae
1625 772 1696 800 va-

78 830 253 870 riantur.
314 829 504 870 Eandem
548 841 645 870 vero
687 829 730 869 in
771 829 853 869 hac
893 841 996 869 usus
1038 829 1281 869 diversitate
1330 829 1606 870 stabilitatem
1655 831 1698 871 et

80 901 361 941 constantiam
395 912 540 941 omnes
574 900 707 940 bonae
730 900 996 951 antiquitatis
1020 899 1242 952 scriptores
1275 901 1317 940 et
1348 901 1493 952 poetas
1526 902 1696 941 susten-

78 972 213 1011 tatam
263 971 462 1024 praebere
513 970 554 1010 id
608 970 796 1022 quidem,
850 981 1109 1021 quamquam
1161 970 1252 1022 ipsa
1303 970 1454 1010 horum
1507 971 1695 1011 omnium

78 1042 309 1092 cognitione
340 1053 422 1081 non
454 1040 636 1089 edoctus,
681 1042 824 1080 tamen
857 1040 960 1079 satis
992 1039 1140 1080 idonea
1170 1040 1321 1080 notitia
1354 1040 1522 1081 adiutus
1554 1041 1695 1082 firmo-

78 1123 157 1162 que
202 1112 411 1151 certarum
453 1110 664 1150 rationum
694 1110 899 1163 praesidio
931 1110 1096 1151 innixus
1136 1111 1226 1151 iure
1258 1123 1350 1152 meo
1391 1111 1568 1152 fidenter
1600 1125 1697 1153 con-

76 1181 241 1222 firmare
267 1181 413 1222 ausim.
455 1181 603 1233 Neque
625 1193 721 1222 vero
745 1181 944 1234 exempla,
978 1193 1083 1233 quae
1116 1181 1440 1222 innumerabilia
1472 1181 1557 1223 fere
1581 1184 1696 1232 sunt⁷

77 1251 275 1292 deficiunt
308 1263 400 1292 eam
433 1252 636 1292 sermonis
667 1252 815 1304 legem⁷
848 1251 921 1292 sed
954 1252 1042 1292 eius
1075 1252 1178 1304 legis
1203 1252 1414 1293 distinctio
1438 1254 1479 1293 et
1511 1253 1619 1293 ratio
1643 1254 1697 1294 ab

77 1322 168 1374 ipsa
207 1322 332 1362 huius
372 1322 603 1374 particulae
646 1335 770 1362 com·
808 1323 964 1374 origine
1006 1324 1164 1372 tracta,
1199 1322 1250 1362 ad
1284 1335 1411 1375 quam
1442 1323 1578 1375 legem
1609 1336 1693 1364 non

81 1392 203 1441 docti,
236 1392 307 1432 sed
339 1392 451 1441 facti,
482 1404 564 1432 non
596 1393 793 1441 instituti,
827 1392 898 1433 sed
929 1393 1079 1433 imbuti
1112 1394 1232 1433 erant
1263 1393 1453 1442 Romani,
1486 1394 1567 1434 illis
1602 1394 1694 1446 qui-

77 1462 171 1502 dem
215 1462 258 1502 in
303 1462 628 1515 interpretandis
675 1464 725 1503 iis
768 1475 874 1515 quae
917 1463 1154 1504 sentiebant
1202 1464 1527 1516 cogitabantque
1575 1466 1694 1505 recta

73 1532 184 1572 ultro
216 1533 468 1585 imperabat,
511 1533 583 1574 sed
614 1546 696 1574 non
727 1533 974 1586 prohibebat
1006 1534 1234 1574 contrarios
1275 1534 1317 1574 in
1348 1534 1694 1587 interpretatione

73 1603 327 1644 nostratium
373 1604 591 1645 hominum
639 1616 809 1645 errores.
870 1603 1069 1657 Vulgaris
1117 1604 1198 1645 fuit
1245 1606 1287 1645 et
1326 1605 1540 1658 popularis
1586 1618 1692 1655 mos,

75 1685 201 1725 quem
231 1674 515 1715 Romanorum
547 1677 692 1728 poetae
716 1675 862 1716 comici
892 1675 1071 1715 maxime
1104 1675 1164 1715 ita
1197 1676 1363 1715 secutos
1397 1687 1487 1716 esse
1520 1688 1692 1717 consen-

74 1745 247 1784 taneum
279 1746 362 1793 est,
409 1746 458 1784 ut
495 1745 632 1785 multa
664 1745 908 1785 adhiberent
940 1745 1161 1794 vocabula,
1209 1757 1314 1797 quae
1347 1747 1494 1798 postea
1526 1758 1546 1787 e
1580 1759 1691 1788 com-

74 1814 192 1853 muni
222 1814 459 1854 litterarum
492 1827 572 1855 usu
604 1814 864 1855 recedebant.
928 1814 1009 1855 Sed
1030 1815 1071 1855 id
1096 1815 1263 1867 quidem
1296 1816 1362 1856 hic
1392 1828 1544 1869 ponere
1566 1817 1693 1858 liceat

73 1883 299 1936 praefixam
329 1885 446 1925 illam
478 1885 730 1937 particulam
762 1898 872 1926 com·
903 1885 1031 1938 (con-)
1064 1898 1140 1926 nec
1170 1898 1244 1939 per
1276 1887 1478 1938 originem
1508 1900 1585 1928 nec
1616 1901 1692 1941 per

72 1955 252 1995 notionis
298 1955 597 2008 proprietatem
646 1956 811 1996 omnino
854 1956 1084 2008 quidquam
1128 1968 1346 1997 commune
1394 1957 1545 1998 habere
1594 1971 1689 1999 cum

70 2025 373 2078 praepositione
410 2017 569 2086 (cumss
617 2039 723 2078 quae
765 2026 889 2078 vulgo
928 2026 1073 2067 eadem
1105 2039 1195 2067 esse
1227 2039 1305 2067 vox
1337 2028 1463 2079 atque
1496 2028 1569 2069 illa
1602 2041 1690 2070 cre-

71 2094 195 2136 ditur.
236 2095 586 2138 Luculentissime
619 2097 747 2149 igitur
779 2109 828 2138 ea
863 2089 1101 2159 ⁴surgendi'
1142 2099 1184 2138 et
1225 2090 1542 2159 ‘consurgendi‘
1574 2099 1689 2140 diffe-

70 2166 208 2206 rentia
239 2167 395 2207 eminet
425 2167 468 2207 in
498 2168 692 2208 Aeneidis
725 2168 812 2208 loco
845 2168 952 2208 Vm
985 2173 1065 2209 109
1080 2181 1139 2220 sq.
1176 2169 1260 2209 iam
1293 2169 1343 2210 ab
1380 2169 1687 2222 'interpretibus

72 2236 210 2277 allato.
271 2236 504 2278 Intervenit
535 2238 592 2278 ibi
624 2251 719 2279 eum
752 2238 839 2279 suis
871 2241 1034 2279 Aeneas
1067 2239 1217 2288 sacris,
1251 2251 1355 2291 quae
1387 2240 1584 2281 Euander
1615 2253 1687 2282 rex

72 2319 168 2348 oum
189 2306 381 2348 Pallante
414 2308 498 2348 filio
530 2309 728 2349 iuvenum
750 2309 1000 2362 primoribus
1024 2311 1257 2361 senatuque
1279 2309 1452 2351 Herculi
1484 2310 1686 2359 faciebat;

188 2382 269 2419 109
308 2377 538 2418 Terrentur
567 2379 662 2419 visu
693 2379 839 2428 subito,
871 2379 1091 2431 cunctique
1121 2378 1279 2420 relictis

308 2447 574 2501 Consano-qum
603 2450 767 2490 mensis.
829 2449 992 2490 Audax
1024 2462 1124 2501 quos
1154 2463 1349 2501 rumpere
1378 2449 1530 2491 Pallas

303 2517 438 2560 Sacra
469 2522 589 2570 vetat,
621 2523 820 2573 raptoque
851 2519 962 2561 volat
992 2519 1068 2561 telo
1099 2520 1241 2561 obvius
1271 2521 1370 2572 ipse.

68 2588 329 2642 Relinquunt
359 2590 487 2642 igitur
507 2603 675 2632 mensas
708 2593 750 2632 et
781 2592 1040 2643 consurgunt
1072 2592 1166 2632 ante
1189 2592 1350 2633 iustum
1370 2593 1550 2646 tempus,
1582 2593 1683 2634 dum

69 2662 274 2713 rumpunt
314 2672 452 2708 sacra,
499 2662 695 2713 quoniam
735 2686 789 2691 —-
821 2664 870 2702 ut
902 2663 1013 2702 recte
1044 2662 1208 2702 monuit
1239 2662 1455 2703 Baehrens
1489 2687 1543 2692 —
1581 2664 1685 2725 clin-

70 2742 195 2782 quere
226 2723 436 2772 mensam'
481 2732 644 2785 proprie
682 2732 835 2774 dicitur
868 2733 917 2773 de
951 2733 1029 2782 eis,
1068 2733 1139 2785 qui
1170 2745 1272 2774 cena
1312 2735 1481 2786 peracta
1513 2746 1683 2775 consur-

68 2802 184 2852 gunt.
243 2801 335 2842 Iam
374 2814 470 2843 vero
510 2804 627 2855 patet
668 2803 778 2856 apud
818 2803 1034 2845 Catullum
1074 2803 1177 2844 illud
1221 2804 1470 2845 vocabulum
1508 2816 1680 2846 consur-
