2013 3223
989 134 1114 192 *48

286 259 357 300 ubi
388 258 568 299 Ariadne
600 258 683 297 filia
716 257 868 298 dicitur
900 255 1072 307 liquisse
1104 256 1456 308 consanguineam
1488 259 1529 297 et
1560 260 1756 308 matrem,
1791 272 1896 312 quae

286 329 502 382 complexu
536 340 627 368 eam
660 330 800 368 tenere
834 327 1043 373 solebant;
1076 326 1210 378 priore
1242 327 1330 367 loco
1368 326 1571 367 retinebat
1602 328 1687 369 filia
1717 331 1898 371 matrem

287 400 513 452 complexu,
546 397 654 438 unde
688 397 833 437 avulsa
867 398 939 437 est.

402 469 451 508 In
485 481 606 508 versu
640 467 826 508 eiusdem
858 467 1053 507 carminis
1089 471 1170 507 214
1204 467 1280 508 hoc

593 536 721 577 Talia
752 535 1007 588 complexum
1038 536 1181 577 iuveni
1211 537 1415 578 mandata
1448 538 1608 579 dedisse

286 609 387 648 item
421 608 533 648 verbi
576 608 830 648 constructio
874 607 1080 660 postulat,
1122 610 1168 648 ut
1209 620 1330 648 casus
1372 609 1522 661 aliquis
1565 610 1810 663 suppleatur
1851 623 1900 651 ex

286 679 430 724 altero,
472 678 581 718 sicut
612 678 745 730 priore
779 678 876 718 loco.
933 677 1221 730 Supplendum
1254 681 1319 719 est
1355 671 1579 739 ‘Aegeum’
1616 680 1705 721 coll.
1738 693 1772 721 V.
1803 686 1899 729 213,

286 749 355 801 qui
387 748 577 788 iuvenem
610 748 847 800 complexus
881 750 954 788 est.

405 866 452 905 In
485 865 746 918 antistropha
778 865 881 905 haec
914 867 1099 905 exstant:

405 941 469 977 26.
518 934 715 986 Hespme,
748 935 844 987 quis
875 934 986 975 caelo
1019 934 1123 975 lucet
1154 935 1373 976 iocundior
1404 936 1549 987 ignis?

524 1005 608 1057 Qui
640 1005 845 1057 desponsa
877 1008 952 1045 tua
981 1005 1121 1056 firmes
1153 1005 1331 1046 conubia
1360 1005 1547 1056 flamma,

523 1076 640 1128 Quae
666 1076 860 1129 pepigere
893 1076 988 1125 viri,
1013 1076 1268 1128 pepi-oerum
1300 1079 1396 1117 ante
1422 1079 1631 1128 parentes,

522 1146 608 1186 Nec
640 1146 816 1187 ‘iunoeere
845 1147 971 1198 prius
1003 1160 1130 1198 quam
1162 1160 1203 1188 se
1235 1150 1332 1187 tuus
1363 1147 1511 1187 extulit
1542 1148 1681 1188 ardor.

287 1218 446 1258 Versus
482 1223 533 1259 28
580 1217 836 1279 esuperfluus
870 1209 1088 1270 paululum
1123 1220 1164 1258 et
1205 1218 1338 1269 magis
1381 1219 1430 1259 ob
1471 1219 1665 1272 strophae
1708 1221 1903 1272 aequabi-

289 1289 453 1329 litatem
487 1279 693 1328 adiectus'
730 1287 937 1327 iudicatur
970 1299 993 1327 a
1025 1287 1291 1335 Baehrensio‚
1324 1287 1395 1328 sed
1429 1288 1589 1329 iniuria.
1653 1289 1760 1330 Cum
1793 1291 1903 1330 enim

287 1359 449 1412 puellae
485 1358 606 1398 modo
640 1360 810 1410 questae
845 1358 946 1406 sint,
981 1358 1089 1410 quod
1129 1358 1212 1398 filia
1254 1361 1295 1398 et
1332 1360 1469 1399 mater
1509 1359 1640 1400 altera
1681 1360 1731 1400 ab
1774 1360 1905 1401 altera

288 1429 514 1470 crudeliter
547 1429 837 1477 avellerentur,
869 1429 953 1468 iam
985 1429 1082 1469 huic
1105 1429 1266 1469 crimini
1289 1429 1347 1469 ita
1378 1429 1606 1469 occurritur
1629 1442 1652 1470 a
1674 1430 1904 1480 iuvenibus,

289 1502 338 1540 ut
378 1500 418 1540 id
460 1512 572 1540 more
622 1499 806 1552 legitimo
861 1501 903 1539 et
943 1512 1037 1540 cum
1080 1502 1301 1552 parentum
1342 1512 1514 1540 assensu
1554 1500 1641 1540 fieri
1681 1501 1903 1542 declarent.

291 1569 411 1620 Quod
444 1572 492 1610 ut
523 1570 741 1623 perspicue
776 1571 818 1610 et
849 1570 1043 1610 distincte
1077 1569 1261 1618 dicatur,
1294 1570 1480 1622 legitima
1512 1571 1755 1623 nuptiarum
1787 1571 1905 1612 insti-

289 1641 396 1682 tutio
440 1641 678 1680 illustratur
727 1641 944 1692 tribusque
999 1641 1186 1681 versibus
1229 1645 1415 1682 27-29
1457 1641 1579 1693 plane
1621 1641 1907 1683 dissolvuntur

290 1711 465 1752 crimina
506 1711 635 1751 trium
677 1711 861 1763 priorum
905 1716 1087 1752 21—23.
1156 1713 1216 1751 Ac
1249 1711 1357 1751 sicut
1388 1723 1460 1763 per
1491 1711 1697 1764 pluralem
1729 1711 1906 1752 conubia

289 1783 427 1823 totum
459 1782 548 1822 eius
580 1782 759 1822 notionis
792 1794 922 1833 genus
957 1782 1226 1833 significatur,
1258 1794 1341 1821 non
1373 1794 1504 1822 unum
1537 1782 1705 1834 aliquod
1737 1784 1906 1824 tantum

289 1853 354 1893 vel
386 1853 482 1897 hoc,
524 1852 572 1892 de
606 1864 686 1904 quo
719 1852 879 1904 agitur,
913 1852 1158 1901 conubium,
1191 1852 1291 1892 item
1327 1854 1553 1905 usurpatur
1594 1853 1768 1905 pluralis
1808 1853 1905 1902 viri,

290 1936 370 1975 quo
405 1935 484 1963 non
532 1935 683 1984 (novus
724 1923 901 1963 maritus
944 1925 985 1963 et
1016 1923 1179 1976 puellae
1211 1915 1347 1976 pater'
1385 1922 1451 1975 (cf.
1482 1923 1708 1964 Baehrens.
1742 1924 1905 1977 comm.)

290 1996 364 2035 aut
394 1994 535 2034 mariti
567 1995 686 2047 pater
719 1995 760 2034 et
792 1994 954 2047 puellae
987 1995 1107 2047 pater
1128 1993 1198 2047 (cf.
1222 1994 1359 2035 Riesei
1392 1993 1468 2046 ed.)
1491 1995 1702 2042 notantur,
1736 1994 1808 2035 sed
1831 1995 1906 2035 soli

290 2064 443 2113 mariti,
466 2064 514 2105 de
543 2064 693 2116 quibus
725 2065 789 2104 est
814 2064 972 2104 usitata
993 2077 1069 2104 vox
1099 2056 1210 2126 (vir'.
1250 2063 1483 2105 Conubium
1509 2064 1638 2116 igitur
1662 2064 1820 2117 pepigit
1846 2065 1907 2105 vir

291 2134 376 2176 sive
408 2135 586 2175 maritus
620 2147 713 2175 cum
746 2135 897 2188 puella,
929 2137 1098 2188 pactum
1131 2137 1240 2180 ante,
1272 2135 1400 2187 igitur
1442 2135 1664 2188 probatum
1706 2147 1729 2176 a
1760 2147 1908 2188 paren-

292 2206 422 2251 tibus,
465 2206 534 2258 qui
582 2218 665 2246 non
713 2205 828 2259 prius
879 2206 1104 2246 iunxerunt
1155 2218 1281 2258 quam
1320 2205 1481 2259 Vesper
1521 2208 1636 2246 ortus
1677 2207 1752 2246 est.
1827 2204 1907 2256 Qui

292 2276 448 2317 vellent
480 2276 528 2317 de
563 2276 651 2317 eius
683 2276 858 2329 pluralis
892 2288 972 2317 usu
1013 2277 1121 2317 locos
1160 2289 1427 2328 cognoscere,
1466 2277 1492 2316 ii
1535 2278 1654 2316 erant
1696 2276 1907 2328 relegandi

295 2346 345 2386 ad
378 2346 568 2387 Kiihneri
599 2347 623 2386 l.
658 2359 688 2387 c.
721 2345 764 2386 Π
809 2360 846 2399 p.
882 2351 934 2387 62
949 2360 1020 2399 sq,
1054 2359 1115 2387 no.
1152 2353 1187 2395 7,
1221 2360 1303 2387 non
1337 2347 1387 2387 ad
1419 2360 1456 2400 p.
1490 2352 1555 2395 63,
1587 2360 1650 2387 no.
1676 2352 1712 2388 8.
1773 2346 1909 2399 Igitur

291 2417 359 2458 hic
391 2417 442 2457 ad
476 2417 806 2470 simplicissimas
839 2418 1083 2471 nuptiarum
1116 2417 1374 2459 condiciones
1417 2419 1505 2458 tota
1547 2417 1677 2458 oratio
1719 2417 1906 2458 consulto

292 2486 471 2528 refertur
515 2488 763 2540 longiusque
814 2488 932 2541 petiti
983 2487 1144 2528 artificii
1187 2501 1306 2529 omne
1349 2489 1467 2529 abest
1509 2487 1697 2528 studium
1739 2487 1789 2528 ab
1830 2487 1909 2528 hac

292 2570 419 2611 poesi.

412 2651 571 2692 Versus
607 2656 777 2693 32-38
812 2652 871 2693 sic
902 2652 1016 2693 dedit
1050 2651 1268 2693 Schwabe:

414 2727 479 2763 32.
526 2720 744 2773 Hesperus
774 2735 795 2762 e
825 2721 953 2772 nobis,
986 2721 1187 2775 aequalis,
1221 2721 1393 2763 abstulit
1424 2735 1555 2762 unam

1081 2820 1106 2848 ³1³
