<?xml version="1.0" encoding="UTF-8"?>
<!DOCTYPE html PUBLIC "-//W3C//DTD XHTML 1.0 Transitional//EN"
    "http://www.w3.org/TR/xhtml1/DTD/xhtml1-transitional.dtd">
<html xmlns="http://www.w3.org/1999/xhtml" xml:lang="en" lang="en">
 <head>
  <title>
</title>
<meta http-equiv="Content-Type" content="text/html;charset=utf-8" />
  <meta name='ocr-system' content='tesseract 3.04.00' />
  <meta name='ocr-capabilities' content='ocr_page ocr_carea ocr_par ocr_line ocrx_word'/>
</head>
<body>
  <div class='ocr_page' id='page_1' title='image "./quaestionescatul00webeuoft_0035.png"; bbox 0 0 2013 3223; ppageno 0'>
   <div class='ocr_carea' id='block_1_1' title="bbox 868 138 920 175">
    <p class='ocr_par' dir='ltr' id='par_1_1' title="bbox 868 138 920 175">
     <span class='ocr_line' id='line_1_1' title="bbox 868 138 920 175; baseline 0 0"><span class='ocrx_word' id='word_1_1' title='bbox 868 138 920 175; x_wconf 87' lang='lat'>15</span> 
     </span>
    </p>
   </div>
   <div class='ocr_carea' id='block_1_2' title="bbox 790 194 997 197">
    <p class='ocr_par' dir='ltr' id='par_1_2' title="bbox 790 194 997 197">
     <span class='ocr_line' id='line_1_2' title="bbox 790 194 997 197; baseline 0 0"><span class='ocrx_word' id='word_1_2' title='bbox 790 194 997 197; x_wconf 95' lang='lat' dir='ltr'> </span> 
     </span>
    </p>
   </div>
   <div class='ocr_carea' id='block_1_3' title="bbox 68 261 1716 2851">
    <p class='ocr_par' dir='ltr' id='par_1_3' title="bbox 85 261 1715 1651">
     <span class='ocr_line' id='line_1_3' title="bbox 91 261 1707 324; baseline -0.002 -19"><span class='ocrx_word' id='word_1_3' title='bbox 91 265 134 305; x_wconf 88' lang='lat' dir='ltr'>et</span> <span class='ocrx_word' id='word_1_4' title='bbox 163 264 324 316; x_wconf 89' lang='lat' dir='ltr'>reliqua</span> <span class='ocrx_word' id='word_1_5' title='bbox 353 264 435 304; x_wconf 89' lang='grc'>11110</span> <span class='ocrx_word' id='word_1_6' title='bbox 465 275 548 304; x_wconf 87' lang='grc'>11011</span> <span class='ocrx_word' id='word_1_7' title='bbox 578 263 785 316; x_wconf 91' lang='lat' dir='ltr'>pertinere</span> <span class='ocrx_word' id='word_1_8' title='bbox 818 262 1063 303; x_wconf 82' lang='lat' dir='ltr'>videbimus.</span> <span class='ocrx_word' id='word_1_9' title='bbox 1123 261 1284 315; x_wconf 81' lang='lat' dir='ltr'>Nempe</span> <span class='ocrx_word' id='word_1_10' title='bbox 1326 262 1361 302; x_wconf 90' lang='lat' dir='ltr'>si</span> <span class='ocrx_word' id='word_1_11' title='bbox 1401 274 1569 324; x_wconf 54' lang='lat' dir='ltr'>(verum</span> <span class='ocrx_word' id='word_1_12' title='bbox 1607 274 1707 315; x_wconf 89' lang='lat' dir='ltr'>par—</span> 
     </span>
     <span class='ocr_line' id='line_1_4' title="bbox 90 331 1705 386; baseline -0.001 -12"><span class='ocrx_word' id='word_1_13' title='bbox 90 331 299 386; x_wconf 85' lang='lat' dir='ltr'>ticipium&#39;</span> <span class='ocrx_word' id='word_1_14' title='bbox 350 334 392 374; x_wconf 91' lang='lat' dir='ltr'>id</span> <span class='ocrx_word' id='word_1_15' title='bbox 430 332 760 386; x_wconf 86' lang='lat' dir='ltr'>intellegendum</span> <span class='ocrx_word' id='word_1_16' title='bbox 802 334 867 373; x_wconf 89' lang='lat' dir='ltr'>est</span> <span class='ocrx_word' id='word_1_17' title='bbox 907 357 961 362; x_wconf 86' lang='lat'><strong>—</strong></span> <span class='ocrx_word' id='word_1_18' title='bbox 1003 333 1124 373; x_wconf 89' lang='lat' dir='ltr'>aliter</span> <span class='ocrx_word' id='word_1_19' title='bbox 1164 332 1274 373; x_wconf 89' lang='lat' dir='ltr'>enim</span> <span class='ocrx_word' id='word_1_20' title='bbox 1314 332 1397 372; x_wconf 89' lang='lat' dir='ltr'>tale</span> <span class='ocrx_word' id='word_1_21' title='bbox 1436 331 1705 385; x_wconf 77' lang='lat' dir='ltr'>participium</span> 
     </span>
     <span class='ocr_line' id='line_1_5' title="bbox 91 402 1705 456; baseline -0.001 -13"><span class='ocrx_word' id='word_1_22' title='bbox 91 403 334 455; x_wconf 78' lang='lat' dir='ltr'>intellegere</span> <span class='ocrx_word' id='word_1_23' title='bbox 374 416 457 444; x_wconf 92' lang='lat' dir='ltr'>non</span> <span class='ocrx_word' id='word_1_24' title='bbox 498 415 670 456; x_wconf 90' lang='lat' dir='ltr'>possum</span> <span class='ocrx_word' id='word_1_25' title='bbox 715 426 791 452; x_wconf 77' lang='lat'>—,</span> <span class='ocrx_word' id='word_1_26' title='bbox 834 403 944 455; x_wconf 90' lang='lat' dir='ltr'>quod</span> <span class='ocrx_word' id='word_1_27' title='bbox 986 402 1178 444; x_wconf 80' lang='lat' dir='ltr'>adiectivi</span> <span class='ocrx_word' id='word_1_28' title='bbox 1218 402 1305 443; x_wconf 86' lang='lat' dir='ltr'>vice</span> <span class='ocrx_word' id='word_1_29' title='bbox 1345 402 1556 454; x_wconf 86' lang='lat' dir='ltr'>fungitur,</span> <span class='ocrx_word' id='word_1_30' title='bbox 1598 402 1705 443; x_wconf 84' lang='lat' dir='ltr'>nihil</span> 
     </span>
     <span class='ocr_line' id='line_1_6' title="bbox 91 472 1705 526; baseline 0 -13"><span class='ocrx_word' id='word_1_31' title='bbox 91 473 255 514; x_wconf 91' lang='lat' dir='ltr'>omnino</span> <span class='ocrx_word' id='word_1_32' title='bbox 288 486 336 514; x_wconf 91' lang='lat' dir='ltr'>ea</span> <span class='ocrx_word' id='word_1_33' title='bbox 366 473 654 526; x_wconf 74' lang='lat' dir='ltr'>interpretatio</span> <span class='ocrx_word' id='word_1_34' title='bbox 687 474 738 513; x_wconf 88' lang='lat' dir='ltr'>ab</span> <span class='ocrx_word' id='word_1_35' title='bbox 771 473 904 514; x_wconf 88' lang='lat' dir='ltr'>altera</span> <span class='ocrx_word' id='word_1_36' title='bbox 936 472 1084 522; x_wconf 88' lang='lat' dir='ltr'>differt,</span> <span class='ocrx_word' id='word_1_37' title='bbox 1118 485 1224 525; x_wconf 90' lang='lat' dir='ltr'>quae</span> <span class='ocrx_word' id='word_1_38' title='bbox 1256 474 1461 525; x_wconf 83' lang='lat' dir='ltr'>tanquam</span> <span class='ocrx_word' id='word_1_39' title='bbox 1483 472 1518 513; x_wconf 92' lang='grc'>81</span> <span class='ocrx_word' id='word_1_40' title='bbox 1541 472 1705 513; x_wconf 88' lang='lat' dir='ltr'>diversa</span> 
     </span>
     <span class='ocr_line' id='line_1_7' title="bbox 92 535 1705 604; baseline -0.001 -20"><span class='ocrx_word' id='word_1_41' title='bbox 92 545 202 584; x_wconf 88' lang='lat' dir='ltr'>esset</span> <span class='ocrx_word' id='word_1_42' title='bbox 231 556 305 596; x_wconf 88' lang='lat' dir='ltr'>per</span> <span class='ocrx_word' id='word_1_43' title='bbox 335 544 537 585; x_wconf 84' lang='lat' dir='ltr'>vocabula</span> <span class='ocrx_word' id='word_1_44' title='bbox 571 545 829 604; x_wconf 73' lang='lat' dir='ltr'>cpromptus,</span> <span class='ocrx_word' id='word_1_45' title='bbox 870 543 913 584; x_wconf 89' lang='grc'>111</span> <span class='ocrx_word' id='word_1_46' title='bbox 944 543 1080 584; x_wconf 90' lang='lat' dir='ltr'>medio</span> <span class='ocrx_word' id='word_1_47' title='bbox 1120 535 1300 596; x_wconf 88' lang='lat' dir='ltr'>positus&#39;</span> <span class='ocrx_word' id='word_1_48' title='bbox 1344 543 1412 583; x_wconf 91' lang='lat' dir='ltr'>hic</span> <span class='ocrx_word' id='word_1_49' title='bbox 1447 543 1705 596; x_wconf 86' lang='lat' dir='ltr'>proponitur.</span> 
     </span>
     <span class='ocr_line' id='line_1_8' title="bbox 90 613 1706 667; baseline 0 -13"><span class='ocrx_word' id='word_1_50' title='bbox 90 614 226 666; x_wconf 88' lang='lat' dir='ltr'>Igitur</span> <span class='ocrx_word' id='word_1_51' title='bbox 258 613 486 655; x_wconf 88' lang='lat' dir='ltr'>secundum</span> <span class='ocrx_word' id='word_1_52' title='bbox 528 626 576 655; x_wconf 85' lang='lat' dir='ltr'>ea</span> <span class='ocrx_word' id='word_1_53' title='bbox 609 626 713 666; x_wconf 85' lang='lat' dir='ltr'>quae</span> <span class='ocrx_word' id='word_1_54' title='bbox 758 626 884 667; x_wconf 89' lang='lat' dir='ltr'>supra</span> <span class='ocrx_word' id='word_1_55' title='bbox 930 627 968 667; x_wconf 92' lang='lat' dir='ltr'>p.</span> <span class='ocrx_word' id='word_1_56' title='bbox 1003 619 1159 655; x_wconf 87' lang='lat'>9—11</span> <span class='ocrx_word' id='word_1_57' title='bbox 1210 613 1396 666; x_wconf 81' lang='lat' dir='ltr'>exposita</span> <span class='ocrx_word' id='word_1_58' title='bbox 1433 614 1533 653; x_wconf 86' lang='lat' dir='ltr'>sunt</span> <span class='ocrx_word' id='word_1_59' title='bbox 1573 614 1615 654; x_wconf 90' lang='lat' dir='ltr'>et</span> <span class='ocrx_word' id='word_1_60' title='bbox 1656 625 1706 654; x_wconf 83' lang='lat' dir='ltr'>ea</span> 
     </span>
     <span class='ocr_line' id='line_1_9' title="bbox 93 683 1707 737; baseline -0.001 -12"><span class='ocrx_word' id='word_1_61' title='bbox 93 696 198 736; x_wconf 89' lang='lat' dir='ltr'>quae</span> <span class='ocrx_word' id='word_1_62' title='bbox 230 684 279 725; x_wconf 90' lang='lat' dir='ltr'>de</span> <span class='ocrx_word' id='word_1_63' title='bbox 311 685 511 737; x_wconf 88' lang='lat' dir='ltr'>simplicis</span> <span class='ocrx_word' id='word_1_64' title='bbox 543 685 658 725; x_wconf 77' lang='lat' dir='ltr'>verbi</span> <span class='ocrx_word' id='word_1_65' title='bbox 689 685 729 725; x_wconf 83' lang='lat' dir='ltr'>vi</span> <span class='ocrx_word' id='word_1_66' title='bbox 762 686 803 725; x_wconf 90' lang='lat' dir='ltr'>et</span> <span class='ocrx_word' id='word_1_67' title='bbox 835 684 883 725; x_wconf 90' lang='lat' dir='ltr'>de</span> <span class='ocrx_word' id='word_1_68' title='bbox 915 684 1133 737; x_wconf 85' lang='lat' dir='ltr'>participio</span> <span class='ocrx_word' id='word_1_69' title='bbox 1165 684 1286 724; x_wconf 89' lang='lat' dir='ltr'>modo</span> <span class='ocrx_word' id='word_1_70' title='bbox 1320 683 1552 736; x_wconf 84' lang='lat' dir='ltr'>significata</span> <span class='ocrx_word' id='word_1_71' title='bbox 1593 685 1707 733; x_wconf 87' lang='lat' dir='ltr'>sunt,</span> 
     </span>
     <span class='ocr_line' id='line_1_10' title="bbox 85 753 1706 807; baseline 0 -13"><span class='ocrx_word' id='word_1_72' title='bbox 85 757 247 806; x_wconf 76' lang='lat' dir='ltr'>parata</span> <span class='ocrx_word' id='word_1_73' title='bbox 292 757 350 795; x_wconf 80' lang='lat' dir='ltr'>est</span> <span class='ocrx_word' id='word_1_74' title='bbox 395 767 477 796; x_wconf 92' lang='lat' dir='ltr'>non</span> <span class='ocrx_word' id='word_1_75' title='bbox 523 755 634 796; x_wconf 89' lang='lat' dir='ltr'>idem</span> <span class='ocrx_word' id='word_1_76' title='bbox 679 755 835 796; x_wconf 85' lang='lat' dir='ltr'>indicat</span> <span class='ocrx_word' id='word_1_77' title='bbox 883 754 991 807; x_wconf 90' lang='lat' dir='ltr'>quod</span> <span class='ocrx_word' id='word_1_78' title='bbox 1034 757 1092 795; x_wconf 76' lang='lat' dir='ltr'>est</span> <span class='ocrx_word' id='word_1_79' title='bbox 1134 756 1320 805; x_wconf 75' lang='lat' dir='ltr'>parata,</span> <span class='ocrx_word' id='word_1_80' title='bbox 1374 753 1445 794; x_wconf 88' lang='lat' dir='ltr'>sed</span> <span class='ocrx_word' id='word_1_81' title='bbox 1493 754 1706 795; x_wconf 82' lang='lat' dir='ltr'>verbalem</span> 
     </span>
     <span class='ocr_line' id='line_1_11' title="bbox 92 825 1705 879; baseline 0 -14"><span class='ocrx_word' id='word_1_82' title='bbox 92 837 212 866; x_wconf 90' lang='lat' dir='ltr'>suam</span> <span class='ocrx_word' id='word_1_83' title='bbox 244 826 414 866; x_wconf 89' lang='lat' dir='ltr'>actionis</span> <span class='ocrx_word' id='word_1_84' title='bbox 452 825 658 879; x_wconf 81' lang='lat' dir='ltr'>perfectae</span> <span class='ocrx_word' id='word_1_85' title='bbox 690 825 842 866; x_wconf 85' lang='lat' dir='ltr'>retinet</span> <span class='ocrx_word' id='word_1_86' title='bbox 874 825 969 865; x_wconf 83' lang='lat' dir='ltr'>vim.</span> <span class='ocrx_word' id='word_1_87' title='bbox 1026 825 1218 877; x_wconf 87' lang='lat' dir='ltr'>Negandi</span> <span class='ocrx_word' id='word_1_88' title='bbox 1250 825 1391 865; x_wconf 90' lang='lat' dir='ltr'>autem</span> <span class='ocrx_word' id='word_1_89' title='bbox 1422 825 1630 877; x_wconf 88' lang='lat' dir='ltr'>particula</span> <span class='ocrx_word' id='word_1_90' title='bbox 1660 825 1705 865; x_wconf 88' lang='lat' dir='ltr'>in</span> 
     </span>
     <span class='ocr_line' id='line_1_12' title="bbox 91 887 1705 956; baseline 0 -21"><span class='ocrx_word' id='word_1_91' title='bbox 91 895 209 936; x_wconf 84' lang='lat' dir='ltr'>initio</span> <span class='ocrx_word' id='word_1_92' title='bbox 241 908 385 937; x_wconf 82' lang='lat' dir='ltr'>versus</span> <span class='ocrx_word' id='word_1_93' title='bbox 417 897 553 950; x_wconf 86' lang='lat' dir='ltr'>posita</span> <span class='ocrx_word' id='word_1_94' title='bbox 584 896 790 949; x_wconf 88' lang='lat' dir='ltr'>pertinere</span> <span class='ocrx_word' id='word_1_95' title='bbox 822 897 960 948; x_wconf 88' lang='lat' dir='ltr'>potest</span> <span class='ocrx_word' id='word_1_96' title='bbox 1001 897 1043 936; x_wconf 91' lang='lat' dir='ltr'>et</span> <span class='ocrx_word' id='word_1_97' title='bbox 1089 895 1140 936; x_wconf 88' lang='lat' dir='ltr'>ad</span> <span class='ocrx_word' id='word_1_98' title='bbox 1172 907 1314 936; x_wconf 83' lang='lat' dir='ltr'>vocem</span> <span class='ocrx_word' id='word_1_99' title='bbox 1357 887 1527 956; x_wconf 38' lang='lat' dir='ltr'>‘facilis&#39;</span> <span class='ocrx_word' id='word_1_100' title='bbox 1564 897 1625 944; x_wconf 90' lang='lat' dir='ltr'>et,</span> <span class='ocrx_word' id='word_1_101' title='bbox 1668 895 1705 936; x_wconf 89' lang='lat' dir='ltr'>si</span> 
     </span>
     <span class='ocr_line' id='line_1_13' title="bbox 91 965 1706 1019; baseline 0 -12"><span class='ocrx_word' id='word_1_102' title='bbox 91 967 217 1007; x_wconf 83' lang='lat' dir='ltr'>verba</span> <span class='ocrx_word' id='word_1_103' title='bbox 249 967 467 1018; x_wconf 88' lang='lat' dir='ltr'>sequentia</span> <span class='ocrx_word' id='word_1_104' title='bbox 499 967 637 1019; x_wconf 92' lang='lat' dir='ltr'>aliquo</span> <span class='ocrx_word' id='word_1_105' title='bbox 669 967 791 1007; x_wconf 90' lang='lat' dir='ltr'>modo</span> <span class='ocrx_word' id='word_1_106' title='bbox 825 967 976 1006; x_wconf 87' lang='lat' dir='ltr'>artiore</span> <span class='ocrx_word' id='word_1_107' title='bbox 1008 966 1172 1006; x_wconf 89' lang='lat' dir='ltr'>vinculo</span> <span class='ocrx_word' id='word_1_108' title='bbox 1196 965 1582 1018; x_wconf 87' lang='lat' dir='ltr'>comprehendenda</span> <span class='ocrx_word' id='word_1_109' title='bbox 1614 978 1706 1007; x_wconf 84' lang='lat' dir='ltr'>esse</span> 
     </span>
     <span class='ocr_line' id='line_1_14' title="bbox 94 1027 1709 1096; baseline -0.001 -19"><span class='ocrx_word' id='word_1_110' title='bbox 94 1039 304 1089; x_wconf 85' lang='lat' dir='ltr'>appareat,</span> <span class='ocrx_word' id='word_1_111' title='bbox 336 1036 387 1077; x_wconf 91' lang='lat' dir='ltr'>ad</span> <span class='ocrx_word' id='word_1_112' title='bbox 420 1037 545 1077; x_wconf 82' lang='lat' dir='ltr'>verba</span> <span class='ocrx_word' id='word_1_113' title='bbox 578 1036 733 1096; x_wconf 46' lang='lat' dir='ltr'>(facilis</span> <span class='ocrx_word' id='word_1_114' title='bbox 765 1036 942 1076; x_wconf 90' lang='lat' dir='ltr'>nobis..</span> <span class='ocrx_word' id='word_1_115' title='bbox 973 1027 1147 1088; x_wconf 80' lang='lat' dir='ltr'>palma³.</span> <span class='ocrx_word' id='word_1_116' title='bbox 1213 1035 1304 1075; x_wconf 91' lang='lat' dir='ltr'>Iam</span> <span class='ocrx_word' id='word_1_117' title='bbox 1337 1035 1371 1075; x_wconf 93' lang='lat' dir='ltr'>si</span> <span class='ocrx_word' id='word_1_118' title='bbox 1402 1035 1481 1076; x_wconf 90' lang='grc'>1100</span> <span class='ocrx_word' id='word_1_119' title='bbox 1513 1036 1709 1085; x_wconf 85' lang='lat' dir='ltr'>alterum,</span> 
     </span>
     <span class='ocr_line' id='line_1_15' title="bbox 93 1106 1712 1159; baseline 0 -12"><span class='ocrx_word' id='word_1_120' title='bbox 93 1106 201 1158; x_wconf 92' lang='lat' dir='ltr'>quod</span> <span class='ocrx_word' id='word_1_121' title='bbox 233 1107 524 1147; x_wconf 86' lang='lat' dir='ltr'>emendatione</span> <span class='ocrx_word' id='word_1_122' title='bbox 555 1119 650 1147; x_wconf 80' lang='lat' dir='ltr'>mox</span> <span class='ocrx_word' id='word_1_123' title='bbox 680 1106 953 1155; x_wconf 90' lang='lat' dir='ltr'>firmabimus,</span> <span class='ocrx_word' id='word_1_124' title='bbox 985 1106 1052 1147; x_wconf 91' lang='lat' dir='ltr'>hic</span> <span class='ocrx_word' id='word_1_125' title='bbox 1085 1118 1313 1154; x_wconf 86' lang='lat' dir='ltr'>sumamus,</span> <span class='ocrx_word' id='word_1_126' title='bbox 1345 1106 1502 1158; x_wconf 84' lang='lat' dir='ltr'>negant</span> <span class='ocrx_word' id='word_1_127' title='bbox 1532 1106 1712 1159; x_wconf 86' lang='lat' dir='ltr'>puellae,</span> 
     </span>
     <span class='ocr_line' id='line_1_16' title="bbox 93 1176 1708 1229; baseline 0.001 -13"><span class='ocrx_word' id='word_1_128' title='bbox 93 1176 243 1228; x_wconf 91' lang='lat' dir='ltr'>quibus</span> <span class='ocrx_word' id='word_1_129' title='bbox 274 1177 386 1217; x_wconf 92' lang='lat' dir='ltr'>hunc</span> <span class='ocrx_word' id='word_1_130' title='bbox 417 1189 586 1218; x_wconf 81' lang='lat' dir='ltr'>versum</span> <span class='ocrx_word' id='word_1_131' title='bbox 618 1177 886 1218; x_wconf 88' lang='lat' dir='ltr'>tribuendum</span> <span class='ocrx_word' id='word_1_132' title='bbox 918 1189 1008 1217; x_wconf 89' lang='lat' dir='ltr'>esse</span> <span class='ocrx_word' id='word_1_133' title='bbox 1041 1188 1167 1229; x_wconf 86' lang='lat' dir='ltr'>supra</span> <span class='ocrx_word' id='word_1_134' title='bbox 1197 1189 1235 1229; x_wconf 88' lang='lat' dir='ltr'>p.</span> <span class='ocrx_word' id='word_1_135' title='bbox 1268 1182 1318 1218; x_wconf 85' lang='lat'>13</span> <span class='ocrx_word' id='word_1_136' title='bbox 1353 1176 1555 1229; x_wconf 90' lang='lat' dir='ltr'>suspicari</span> <span class='ocrx_word' id='word_1_137' title='bbox 1587 1189 1708 1229; x_wconf 85' lang='lat' dir='ltr'>coge-</span> 
     </span>
     <span class='ocr_line' id='line_1_17' title="bbox 91 1247 1709 1300; baseline 0.001 -13"><span class='ocrx_word' id='word_1_138' title='bbox 91 1247 251 1296; x_wconf 87' lang='lat' dir='ltr'>bamur,</span> <span class='ocrx_word' id='word_1_139' title='bbox 283 1247 448 1288; x_wconf 88' lang='lat' dir='ltr'>facilem</span> <span class='ocrx_word' id='word_1_140' title='bbox 481 1248 617 1288; x_wconf 90' lang='lat' dir='ltr'>sibi..</span> <span class='ocrx_word' id='word_1_141' title='bbox 649 1248 833 1300; x_wconf 89' lang='lat' dir='ltr'>palmam</span> <span class='ocrx_word' id='word_1_142' title='bbox 864 1249 1058 1300; x_wconf 86' lang='lat' dir='ltr'>paratam</span> <span class='ocrx_word' id='word_1_143' title='bbox 1090 1259 1191 1295; x_wconf 88' lang='lat' dir='ltr'>esse,</span> <span class='ocrx_word' id='word_1_144' title='bbox 1224 1259 1320 1287; x_wconf 92' lang='lat' dir='ltr'>cum</span> <span class='ocrx_word' id='word_1_145' title='bbox 1351 1247 1428 1288; x_wconf 94' lang='grc'>1100</span> <span class='ocrx_word' id='word_1_146' title='bbox 1459 1247 1518 1287; x_wconf 91' lang='lat' dir='ltr'>ita</span> <span class='ocrx_word' id='word_1_147' title='bbox 1549 1249 1709 1299; x_wconf 87' lang='lat' dir='ltr'>negant</span> 
     </span>
     <span class='ocr_line' id='line_1_18' title="bbox 94 1317 1710 1359; baseline 0.001 -2"><span class='ocrx_word' id='word_1_148' title='bbox 94 1330 204 1358; x_wconf 89' lang='lat' dir='ltr'>nunc</span> <span class='ocrx_word' id='word_1_149' title='bbox 234 1318 359 1358; x_wconf 89' lang='lat' dir='ltr'>huius</span> <span class='ocrx_word' id='word_1_150' title='bbox 392 1318 632 1359; x_wconf 85' lang='lat' dir='ltr'>certaminis</span> <span class='ocrx_word' id='word_1_151' title='bbox 666 1318 947 1359; x_wconf 87' lang='lat' dir='ltr'>condicionem</span> <span class='ocrx_word' id='word_1_152' title='bbox 977 1330 1060 1358; x_wconf 92' lang='lat' dir='ltr'>non</span> <span class='ocrx_word' id='word_1_153' title='bbox 1093 1330 1186 1358; x_wconf 92' lang='lat' dir='ltr'>eam</span> <span class='ocrx_word' id='word_1_154' title='bbox 1217 1317 1374 1358; x_wconf 84' lang='lat' dir='ltr'>factam</span> <span class='ocrx_word' id='word_1_155' title='bbox 1407 1329 1496 1358; x_wconf 89' lang='grc'>0880</span> <span class='ocrx_word' id='word_1_156' title='bbox 1530 1318 1615 1358; x_wconf 84' lang='grc' dir='ltr'>81νο</span> <span class='ocrx_word' id='word_1_157' title='bbox 1647 1318 1710 1358; x_wconf 93' lang='grc'>111-</span> 
     </span>
     <span class='ocr_line' id='line_1_19' title="bbox 96 1387 1715 1441; baseline 0.001 -14"><span class='ocrx_word' id='word_1_158' title='bbox 96 1388 302 1437; x_wconf 86' lang='lat' dir='ltr'>stitutam‚</span> <span class='ocrx_word' id='word_1_159' title='bbox 334 1390 382 1428; x_wconf 88' lang='lat' dir='ltr'>ut</span> <span class='ocrx_word' id='word_1_160' title='bbox 412 1387 545 1429; x_wconf 90' lang='lat' dir='ltr'>facilis</span> <span class='ocrx_word' id='word_1_161' title='bbox 579 1388 658 1428; x_wconf 90' lang='lat' dir='ltr'>sibi</span> <span class='ocrx_word' id='word_1_162' title='bbox 691 1420 723 1427; x_wconf 93' lang='lat'>..</span> <span class='ocrx_word' id='word_1_163' title='bbox 755 1388 896 1440; x_wconf 90' lang='lat' dir='ltr'>palma</span> <span class='ocrx_word' id='word_1_164' title='bbox 933 1388 1141 1441; x_wconf 88' lang='lat' dir='ltr'>imperata</span> <span class='ocrx_word' id='word_1_165' title='bbox 1182 1388 1237 1428; x_wconf 89' lang='lat' dir='ltr'>sit</span> <span class='ocrx_word' id='word_1_166' title='bbox 1278 1388 1362 1428; x_wconf 83' lang='lat' dir='ltr'>sive</span> <span class='ocrx_word' id='word_1_167' title='bbox 1402 1388 1615 1441; x_wconf 86' lang='lat' dir='ltr'>proposita</span> <span class='ocrx_word' id='word_1_168' title='bbox 1656 1388 1715 1428; x_wconf 89' lang='lat' dir='ltr'>sit</span> 
     </span>
     <span class='ocr_line' id='line_1_20' title="bbox 94 1457 1710 1511; baseline 0.001 -14"><span class='ocrx_word' id='word_1_169' title='bbox 94 1480 152 1486; x_wconf 90' lang='lat'>—</span> <span class='ocrx_word' id='word_1_170' title='bbox 182 1458 242 1498; x_wconf 90' lang='lat' dir='ltr'>ita</span> <span class='ocrx_word' id='word_1_171' title='bbox 275 1458 358 1498; x_wconf 89' lang='lat' dir='ltr'>fere</span> <span class='ocrx_word' id='word_1_172' title='bbox 390 1471 502 1499; x_wconf 87' lang='lat' dir='ltr'>nunc</span> <span class='ocrx_word' id='word_1_173' title='bbox 533 1459 659 1499; x_wconf 81' lang='lat' dir='ltr'>verba</span> <span class='ocrx_word' id='word_1_174' title='bbox 691 1459 779 1499; x_wconf 89' lang='lat' dir='ltr'>eius</span> <span class='ocrx_word' id='word_1_175' title='bbox 812 1458 1043 1499; x_wconf 87' lang='lat' dir='ltr'>describere</span> <span class='ocrx_word' id='word_1_176' title='bbox 1075 1459 1184 1499; x_wconf 89' lang='lat' dir='ltr'>licet.</span> <span class='ocrx_word' id='word_1_177' title='bbox 1233 1457 1372 1508; x_wconf 76' lang='lat' dir='ltr'>Quid?</span> <span class='ocrx_word' id='word_1_178' title='bbox 1405 1458 1440 1498; x_wconf 88' lang='lat' dir='ltr'>si</span> <span class='ocrx_word' id='word_1_179' title='bbox 1470 1459 1635 1511; x_wconf 89' lang='lat' dir='ltr'>puellae</span> <span class='ocrx_word' id='word_1_180' title='bbox 1667 1459 1710 1499; x_wconf 94' lang='lat' dir='ltr'>in</span> 
     </span>
     <span class='ocr_line' id='line_1_21' title="bbox 94 1520 1711 1589; baseline 0 -21"><span class='ocrx_word' id='word_1_181' title='bbox 94 1527 172 1568; x_wconf 88' lang='lat' dir='ltr'>hac</span> <span class='ocrx_word' id='word_1_182' title='bbox 208 1520 383 1589; x_wconf 42' lang='lat' dir='ltr'>‘palma&#39;</span> <span class='ocrx_word' id='word_1_183' title='bbox 421 1530 569 1569; x_wconf 88' lang='lat' dir='ltr'>cantus</span> <span class='ocrx_word' id='word_1_184' title='bbox 614 1529 840 1569; x_wconf 86' lang='lat' dir='ltr'>certamine</span> <span class='ocrx_word' id='word_1_185' title='bbox 880 1529 1093 1581; x_wconf 86' lang='lat' dir='ltr'>proposita</span> <span class='ocrx_word' id='word_1_186' title='bbox 1126 1541 1257 1580; x_wconf 90' lang='lat' dir='ltr'>eaque</span> <span class='ocrx_word' id='word_1_187' title='bbox 1288 1530 1336 1568; x_wconf 89' lang='lat' dir='ltr'>ut</span> <span class='ocrx_word' id='word_1_188' title='bbox 1369 1529 1592 1581; x_wconf 88' lang='lat' dir='ltr'>opinantur</span> <span class='ocrx_word' id='word_1_189' title='bbox 1628 1541 1711 1569; x_wconf 92' lang='lat' dir='ltr'>non</span> 
     </span>
     <span class='ocr_line' id='line_1_22' title="bbox 94 1598 1360 1651; baseline 0 -13"><span class='ocrx_word' id='word_1_190' title='bbox 94 1598 154 1638; x_wconf 89' lang='lat' dir='ltr'>ita</span> <span class='ocrx_word' id='word_1_191' title='bbox 185 1598 296 1639; x_wconf 87' lang='lat' dir='ltr'>facili</span> <span class='ocrx_word' id='word_1_192' title='bbox 327 1599 503 1640; x_wconf 86' lang='lat' dir='ltr'>alteram</span> <span class='ocrx_word' id='word_1_193' title='bbox 537 1598 747 1651; x_wconf 89' lang='lat' dir='ltr'>quandam</span> <span class='ocrx_word' id='word_1_194' title='bbox 779 1600 961 1651; x_wconf 85' lang='lat' dir='ltr'>tangunt</span> <span class='ocrx_word' id='word_1_195' title='bbox 993 1599 1070 1639; x_wconf 88' lang='lat' dir='ltr'>sibi</span> <span class='ocrx_word' id='word_1_196' title='bbox 1101 1598 1360 1640; x_wconf 80' lang='lat' dir='ltr'>faciliorem?</span> 
     </span>
    </p>

    <p class='ocr_par' dir='ltr' id='par_1_4' title="bbox 68 1667 1716 2496">
     <span class='ocr_line' id='line_1_23' title="bbox 186 1667 1714 1722; baseline 0 -13"><span class='ocrx_word' id='word_1_197' title='bbox 186 1667 292 1719; x_wconf 87' lang='lat' dir='ltr'>Quid</span> <span class='ocrx_word' id='word_1_198' title='bbox 335 1682 431 1722; x_wconf 88' lang='lat' dir='ltr'>ergo</span> <span class='ocrx_word' id='word_1_199' title='bbox 484 1671 574 1710; x_wconf 77' lang='lat' dir='ltr'>est?</span> <span class='ocrx_word' id='word_1_200' title='bbox 646 1669 728 1710; x_wconf 89' lang='lat' dir='ltr'>Via</span> <span class='ocrx_word' id='word_1_201' title='bbox 767 1671 808 1710; x_wconf 91' lang='lat' dir='ltr'>et</span> <span class='ocrx_word' id='word_1_202' title='bbox 858 1669 1018 1710; x_wconf 83' lang='lat' dir='ltr'>ratione</span> <span class='ocrx_word' id='word_1_203' title='bbox 1060 1669 1289 1710; x_wconf 88' lang='lat' dir='ltr'>disserendi</span> <span class='ocrx_word' id='word_1_204' title='bbox 1331 1669 1413 1709; x_wconf 88' lang='lat' dir='ltr'>iam</span> <span class='ocrx_word' id='word_1_205' title='bbox 1456 1681 1502 1710; x_wconf 92' lang='lat' dir='ltr'>eo</span> <span class='ocrx_word' id='word_1_206' title='bbox 1544 1668 1714 1710; x_wconf 87' lang='lat' dir='ltr'>deducti</span> 
     </span>
     <span class='ocr_line' id='line_1_24' title="bbox 99 1739 1711 1792; baseline 0.001 -13"><span class='ocrx_word' id='word_1_207' title='bbox 99 1750 266 1788; x_wconf 90' lang='lat' dir='ltr'>sumus,</span> <span class='ocrx_word' id='word_1_208' title='bbox 306 1741 355 1779; x_wconf 92' lang='lat' dir='ltr'>ut</span> <span class='ocrx_word' id='word_1_209' title='bbox 385 1740 489 1780; x_wconf 86' lang='lat' dir='ltr'>nihil</span> <span class='ocrx_word' id='word_1_210' title='bbox 531 1740 645 1780; x_wconf 86' lang='lat' dir='ltr'>aliud</span> <span class='ocrx_word' id='word_1_211' title='bbox 674 1740 938 1791; x_wconf 89' lang='lat' dir='ltr'>relinquatur</span> <span class='ocrx_word' id='word_1_212' title='bbox 968 1740 1048 1780; x_wconf 90' lang='lat' dir='ltr'>nisi</span> <span class='ocrx_word' id='word_1_213' title='bbox 1080 1741 1129 1780; x_wconf 91' lang='lat' dir='ltr'>ut</span> <span class='ocrx_word' id='word_1_214' title='bbox 1159 1739 1264 1780; x_wconf 88' lang='lat' dir='ltr'>illud</span> <span class='ocrx_word' id='word_1_215' title='bbox 1296 1740 1568 1788; x_wconf 81' lang='lat' dir='ltr'>vocabulum,</span> <span class='ocrx_word' id='word_1_216' title='bbox 1601 1739 1711 1792; x_wconf 87' lang='lat' dir='ltr'>quod</span> 
     </span>
     <span class='ocr_line' id='line_1_25' title="bbox 98 1809 1710 1863; baseline 0.001 -14"><span class='ocrx_word' id='word_1_217' title='bbox 98 1810 209 1849; x_wconf 86' lang='lat' dir='ltr'>certo</span> <span class='ocrx_word' id='word_1_218' title='bbox 253 1810 407 1850; x_wconf 88' lang='lat' dir='ltr'>certius</span> <span class='ocrx_word' id='word_1_219' title='bbox 455 1810 639 1859; x_wconf 79' lang='lat' dir='ltr'>videtur,</span> <span class='ocrx_word' id='word_1_220' title='bbox 687 1809 880 1861; x_wconf 81' lang='lat' dir='ltr'>aequalis</span> <span class='ocrx_word' id='word_1_221' title='bbox 921 1833 977 1838; x_wconf 93' lang='lat'><strong>—</strong></span> <span class='ocrx_word' id='word_1_222' title='bbox 1025 1810 1066 1850; x_wconf 93' lang='lat' dir='ltr'>id</span> <span class='ocrx_word' id='word_1_223' title='bbox 1107 1810 1218 1850; x_wconf 90' lang='lat' dir='ltr'>enim</span> <span class='ocrx_word' id='word_1_224' title='bbox 1259 1811 1462 1863; x_wconf 91' lang='lat' dir='ltr'>praebent</span> <span class='ocrx_word' id='word_1_225' title='bbox 1502 1809 1610 1851; x_wconf 80' lang='lat' dir='ltr'>TGO</span> <span class='ocrx_word' id='word_1_226' title='bbox 1655 1833 1710 1839; x_wconf 90' lang='lat'><strong>—</strong></span> 
     </span>
     <span class='ocr_line' id='line_1_26' title="bbox 100 1879 1711 1933; baseline 0.001 -14"><span class='ocrx_word' id='word_1_227' title='bbox 100 1881 343 1932; x_wconf 87' lang='lat' dir='ltr'>corruptum</span> <span class='ocrx_word' id='word_1_228' title='bbox 375 1892 464 1921; x_wconf 90' lang='lat' dir='ltr'>esse</span> <span class='ocrx_word' id='word_1_229' title='bbox 496 1882 717 1933; x_wconf 89' lang='lat' dir='ltr'>putemus;</span> <span class='ocrx_word' id='word_1_230' title='bbox 752 1879 860 1932; x_wconf 91' lang='lat' dir='ltr'>quod</span> <span class='ocrx_word' id='word_1_231' title='bbox 894 1880 928 1920; x_wconf 92' lang='lat' dir='ltr'>si</span> <span class='ocrx_word' id='word_1_232' title='bbox 961 1879 1012 1920; x_wconf 93' lang='lat' dir='ltr'>ad</span> <span class='ocrx_word' id='word_1_233' title='bbox 1048 1879 1334 1932; x_wconf 88' lang='lat' dir='ltr'>integritatem</span> <span class='ocrx_word' id='word_1_234' title='bbox 1376 1880 1599 1920; x_wconf 88' lang='lat' dir='ltr'>restituere</span> <span class='ocrx_word' id='word_1_235' title='bbox 1641 1892 1711 1920; x_wconf 83' lang='lat' dir='ltr'>vo-</span> 
     </span>
     <span class='ocr_line' id='line_1_27' title="bbox 96 1949 1711 2003; baseline 0.001 -13"><span class='ocrx_word' id='word_1_236' title='bbox 96 1949 260 1999; x_wconf 87' lang='lat' dir='ltr'>lumus,</span> <span class='ocrx_word' id='word_1_237' title='bbox 304 1951 488 2003; x_wconf 91' lang='lat' dir='ltr'>primum</span> <span class='ocrx_word' id='word_1_238' title='bbox 527 1951 632 1991; x_wconf 90' lang='lat' dir='ltr'>illud</span> <span class='ocrx_word' id='word_1_239' title='bbox 681 1952 866 2003; x_wconf 87' lang='lat' dir='ltr'>spectare</span> <span class='ocrx_word' id='word_1_240' title='bbox 917 1950 1136 1999; x_wconf 89' lang='lat' dir='ltr'>debemus,</span> <span class='ocrx_word' id='word_1_241' title='bbox 1183 1952 1232 1990; x_wconf 93' lang='lat' dir='ltr'>ut</span> <span class='ocrx_word' id='word_1_242' title='bbox 1264 1953 1427 2001; x_wconf 74' lang='lat' dir='ltr'>parata</span> <span class='ocrx_word' id='word_1_243' title='bbox 1473 1953 1532 1990; x_wconf 78' lang='lat' dir='ltr'>est</span> <span class='ocrx_word' id='word_1_244' title='bbox 1580 1962 1711 1991; x_wconf 85' lang='lat' dir='ltr'>novae</span> 
     </span>
     <span class='ocr_line' id='line_1_28' title="bbox 99 2020 1714 2073; baseline 0 -13"><span class='ocrx_word' id='word_1_245' title='bbox 99 2031 226 2071; x_wconf 90' lang='lat' dir='ltr'>quam</span> <span class='ocrx_word' id='word_1_246' title='bbox 258 2022 498 2073; x_wconf 89' lang='lat' dir='ltr'>quaerimus</span> <span class='ocrx_word' id='word_1_247' title='bbox 530 2022 750 2062; x_wconf 79' lang='lat' dir='ltr'>verborum</span> <span class='ocrx_word' id='word_1_248' title='bbox 774 2021 1051 2062; x_wconf 88' lang='lat' dir='ltr'>coniunctioni</span> <span class='ocrx_word' id='word_1_249' title='bbox 1073 2021 1320 2061; x_wconf 80' lang='lat' dir='ltr'>conveniens</span> <span class='ocrx_word' id='word_1_250' title='bbox 1351 2020 1428 2067; x_wconf 85' lang='lat' dir='ltr'>sit;</span> <span class='ocrx_word' id='word_1_251' title='bbox 1460 2022 1554 2061; x_wconf 92' lang='lat' dir='ltr'>tum</span> <span class='ocrx_word' id='word_1_252' title='bbox 1587 2020 1714 2061; x_wconf 90' lang='lat' dir='ltr'>simul</span> 
     </span>
     <span class='ocr_line' id='line_1_29' title="bbox 68 2090 1714 2144; baseline 0.001 -14"><span class='ocrx_word' id='word_1_253' title='bbox 68 2140 70 2142; x_wconf 12' lang='lat' dir='ltr'>V</span> <span class='ocrx_word' id='word_1_254' title='bbox 98 2090 290 2141; x_wconf 84' lang='lat' dir='ltr'>alterum,</span> <span class='ocrx_word' id='word_1_255' title='bbox 322 2093 370 2132; x_wconf 92' lang='lat' dir='ltr'>ut</span> <span class='ocrx_word' id='word_1_256' title='bbox 403 2091 609 2144; x_wconf 90' lang='lat' dir='ltr'>siquidem</span> <span class='ocrx_word' id='word_1_257' title='bbox 640 2092 743 2132; x_wconf 85' lang='lat' dir='ltr'>haec</span> <span class='ocrx_word' id='word_1_258' title='bbox 774 2103 871 2144; x_wconf 87' lang='lat' dir='ltr'>pars</span> <span class='ocrx_word' id='word_1_259' title='bbox 905 2093 1053 2132; x_wconf 86' lang='lat' dir='ltr'>cantus</span> <span class='ocrx_word' id='word_1_260' title='bbox 1085 2091 1234 2144; x_wconf 89' lang='lat' dir='ltr'>puellis</span> <span class='ocrx_word' id='word_1_261' title='bbox 1266 2103 1361 2131; x_wconf 87' lang='lat' dir='ltr'>vere</span> <span class='ocrx_word' id='word_1_262' title='bbox 1393 2090 1614 2131; x_wconf 89' lang='lat' dir='ltr'>tribuenda</span> <span class='ocrx_word' id='word_1_263' title='bbox 1637 2092 1714 2140; x_wconf 88' lang='lat' dir='ltr'>est,</span> 
     </span>
     <span class='ocr_line' id='line_1_30' title="bbox 99 2160 1716 2215; baseline 0 -14"><span class='ocrx_word' id='word_1_264' title='bbox 99 2161 243 2202; x_wconf 87' lang='lat' dir='ltr'>statim</span> <span class='ocrx_word' id='word_1_265' title='bbox 276 2175 297 2203; x_wconf 91' lang='lat' dir='ltr'>e</span> <span class='ocrx_word' id='word_1_266' title='bbox 328 2162 462 2215; x_wconf 88' lang='lat' dir='ltr'>primo</span> <span class='ocrx_word' id='word_1_267' title='bbox 494 2174 618 2202; x_wconf 76' lang='lat' dir='ltr'>versu</span> <span class='ocrx_word' id='word_1_268' title='bbox 648 2162 724 2202; x_wconf 89' lang='lat' dir='ltr'>has</span> <span class='ocrx_word' id='word_1_269' title='bbox 758 2163 917 2202; x_wconf 88' lang='lat' dir='ltr'>certare</span> <span class='ocrx_word' id='word_1_270' title='bbox 951 2162 1111 2202; x_wconf 89' lang='lat' dir='ltr'>clarum</span> <span class='ocrx_word' id='word_1_271' title='bbox 1143 2161 1227 2201; x_wconf 88' lang='lat' dir='ltr'>fiat.</span> <span class='ocrx_word' id='word_1_272' title='bbox 1290 2160 1540 2211; x_wconf 81' lang='lat' dir='ltr'>Quaerimus</span> <span class='ocrx_word' id='word_1_273' title='bbox 1580 2161 1716 2213; x_wconf 88' lang='lat' dir='ltr'>igitur</span> 
     </span>
     <span class='ocr_line' id='line_1_31' title="bbox 97 2231 1710 2285; baseline -0.001 -12"><span class='ocrx_word' id='word_1_274' title='bbox 97 2232 185 2273; x_wconf 94' lang='grc'>1000</span> <span class='ocrx_word' id='word_1_275' title='bbox 232 2234 450 2285; x_wconf 88' lang='lat' dir='ltr'>corruptae</span> <span class='ocrx_word' id='word_1_276' title='bbox 496 2233 605 2273; x_wconf 84' lang='lat' dir='ltr'>vocis</span> <span class='ocrx_word' id='word_1_277' title='bbox 653 2231 845 2283; x_wconf 74' lang='lat' dir='ltr'>aequalis</span> <span class='ocrx_word' id='word_1_278' title='bbox 893 2231 1026 2280; x_wconf 87' lang='lat' dir='ltr'>aliud,</span> <span class='ocrx_word' id='word_1_279' title='bbox 1075 2244 1155 2283; x_wconf 92' lang='lat' dir='ltr'>quo</span> <span class='ocrx_word' id='word_1_280' title='bbox 1196 2231 1342 2272; x_wconf 91' lang='lat' dir='ltr'>eodem</span> <span class='ocrx_word' id='word_1_281' title='bbox 1382 2231 1544 2283; x_wconf 88' lang='lat' dir='ltr'>reliqua</span> <span class='ocrx_word' id='word_1_282' title='bbox 1582 2231 1710 2272; x_wconf 83' lang='lat' dir='ltr'>verba</span> 
     </span>
     <span class='ocr_line' id='line_1_32' title="bbox 97 2301 1716 2356; baseline -0.001 -14"><span class='ocrx_word' id='word_1_283' title='bbox 97 2301 242 2354; x_wconf 80' lang='lat' dir='ltr'>facilis</span> <span class='ocrx_word' id='word_1_284' title='bbox 271 2302 389 2343; x_wconf 74' lang='lat' dir='ltr'>nobis</span> <span class='ocrx_word' id='word_1_285' title='bbox 422 2335 430 2342; x_wconf 90' lang='lat'>.</span> <span class='ocrx_word' id='word_1_286' title='bbox 457 2335 465 2342; x_wconf 96' lang='lat'><em>.</em></span> <span class='ocrx_word' id='word_1_287' title='bbox 490 2301 643 2354; x_wconf 75' lang='lat' dir='ltr'>palma</span> <span class='ocrx_word' id='word_1_288' title='bbox 681 2303 955 2356; x_wconf 88' lang='lat' dir='ltr'>suppleantur</span> <span class='ocrx_word' id='word_1_289' title='bbox 994 2304 1036 2343; x_wconf 88' lang='lat' dir='ltr'>et</span> <span class='ocrx_word' id='word_1_290' title='bbox 1068 2303 1318 2343; x_wconf 89' lang='lat' dir='ltr'>coartentur.</span> <span class='ocrx_word' id='word_1_291' title='bbox 1389 2301 1554 2342; x_wconf 86' lang='lat' dir='ltr'>Attinet</span> <span class='ocrx_word' id='word_1_292' title='bbox 1584 2301 1716 2354; x_wconf 87' lang='lat' dir='ltr'>igitur</span> 
     </span>
     <span class='ocr_line' id='line_1_33' title="bbox 99 2372 1714 2426; baseline -0.001 -12"><span class='ocrx_word' id='word_1_293' title='bbox 99 2373 172 2414; x_wconf 92' lang='lat' dir='ltr'>uni</span> <span class='ocrx_word' id='word_1_294' title='bbox 201 2374 365 2426; x_wconf 91' lang='lat' dir='ltr'>palmae</span> <span class='ocrx_word' id='word_1_295' title='bbox 406 2373 430 2413; x_wconf 94' lang='lat' dir='ltr'>i.</span> <span class='ocrx_word' id='word_1_296' title='bbox 471 2385 503 2414; x_wconf 91' lang='lat' dir='ltr'>e.</span> <span class='ocrx_word' id='word_1_297' title='bbox 547 2374 741 2414; x_wconf 82' lang='lat' dir='ltr'>victoriae</span> <span class='ocrx_word' id='word_1_298' title='bbox 781 2374 957 2414; x_wconf 88' lang='lat' dir='ltr'>alteram</span> <span class='ocrx_word' id='word_1_299' title='bbox 1001 2372 1211 2425; x_wconf 88' lang='lat' dir='ltr'>quandam</span> <span class='ocrx_word' id='word_1_300' title='bbox 1254 2384 1475 2424; x_wconf 84' lang='lat' dir='ltr'>suggerere</span> <span class='ocrx_word' id='word_1_301' title='bbox 1512 2372 1714 2425; x_wconf 88' lang='lat' dir='ltr'>palmam,</span> 
     </span>
     <span class='ocr_line' id='line_1_34' title="bbox 101 2443 1282 2496; baseline -0.002 -12"><span class='ocrx_word' id='word_1_302' title='bbox 101 2456 206 2496; x_wconf 86' lang='lat' dir='ltr'>quae</span> <span class='ocrx_word' id='word_1_303' title='bbox 237 2444 339 2484; x_wconf 91' lang='lat' dir='ltr'>item</span> <span class='ocrx_word' id='word_1_304' title='bbox 369 2444 536 2485; x_wconf 92' lang='lat' dir='ltr'>nomine</span> <span class='ocrx_word' id='word_1_305' title='bbox 569 2457 643 2485; x_wconf 93' lang='lat' dir='ltr'>suo</span> <span class='ocrx_word' id='word_1_306' title='bbox 674 2444 889 2485; x_wconf 79' lang='lat' dir='ltr'>victoriam</span> <span class='ocrx_word' id='word_1_307' title='bbox 921 2444 1055 2496; x_wconf 89' lang='lat' dir='ltr'>ipsam</span> <span class='ocrx_word' id='word_1_308' title='bbox 1088 2443 1282 2496; x_wconf 90' lang='lat' dir='ltr'>appellet.</span> 
     </span>
    </p>

    <p class='ocr_par' dir='ltr' id='par_1_5' title="bbox 103 2512 1714 2638">
     <span class='ocr_line' id='line_1_35' title="bbox 215 2512 1714 2563; baseline -0.001 -9"><span class='ocrx_word' id='word_1_309' title='bbox 215 2514 308 2555; x_wconf 90' lang='lat' dir='ltr'>Iam</span> <span class='ocrx_word' id='word_1_310' title='bbox 338 2515 442 2555; x_wconf 91' lang='lat' dir='ltr'>nihil</span> <span class='ocrx_word' id='word_1_311' title='bbox 473 2515 515 2555; x_wconf 95' lang='lat' dir='ltr'>in</span> <span class='ocrx_word' id='word_1_312' title='bbox 546 2515 712 2555; x_wconf 87' lang='lat' dir='ltr'>traditis</span> <span class='ocrx_word' id='word_1_313' title='bbox 744 2515 879 2556; x_wconf 82' lang='lat' dir='ltr'>verbis</span> <span class='ocrx_word' id='word_1_314' title='bbox 912 2514 1068 2554; x_wconf 85' lang='lat' dir='ltr'>mutari</span> <span class='ocrx_word' id='word_1_315' title='bbox 1100 2513 1243 2563; x_wconf 84' lang='lat' dir='ltr'>debet,</span> <span class='ocrx_word' id='word_1_316' title='bbox 1277 2512 1349 2554; x_wconf 87' lang='lat' dir='ltr'>sed</span> <span class='ocrx_word' id='word_1_317' title='bbox 1388 2525 1436 2554; x_wconf 88' lang='lat' dir='ltr'>ea</span> <span class='ocrx_word' id='word_1_318' title='bbox 1476 2513 1554 2554; x_wconf 91' lang='grc'>1100</span> <span class='ocrx_word' id='word_1_319' title='bbox 1590 2512 1714 2553; x_wconf 83' lang='grc' dir='ltr'>1110ᾶο</span> 
     </span>
     <span class='ocr_line' id='line_1_36' title="bbox 103 2584 873 2638; baseline 0.001 -13"><span class='ocrx_word' id='word_1_320' title='bbox 103 2584 319 2625; x_wconf 89' lang='lat' dir='ltr'>scribenda</span> <span class='ocrx_word' id='word_1_321' title='bbox 351 2587 451 2625; x_wconf 90' lang='lat' dir='ltr'>sunt</span> <span class='ocrx_word' id='word_1_322' title='bbox 483 2587 524 2626; x_wconf 87' lang='lat' dir='ltr'>et</span> <span class='ocrx_word' id='word_1_323' title='bbox 556 2585 873 2638; x_wconf 86' lang='lat' dir='ltr'>distinguenda:</span> 
     </span>
    </p>

    <p class='ocr_par' dir='ltr' id='par_1_6' title="bbox 99 2653 1715 2851">
     <span class='ocr_line' id='line_1_37' title="bbox 310 2653 1457 2707; baseline -0.002 -12"><span class='ocrx_word' id='word_1_324' title='bbox 310 2654 408 2696; x_wconf 75' lang='lat' dir='ltr'>Non</span> <span class='ocrx_word' id='word_1_325' title='bbox 437 2654 582 2707; x_wconf 78' lang='lat' dir='ltr'>facilis</span> <span class='ocrx_word' id='word_1_326' title='bbox 611 2655 729 2696; x_wconf 73' lang='lat' dir='ltr'>‘nobis</span> <span class='ocrx_word' id='word_1_327' title='bbox 758 2668 778 2696; x_wconf 82' lang='lat' dir='ltr'>e</span> <span class='ocrx_word' id='word_1_328' title='bbox 809 2654 992 2707; x_wconf 79' lang='lat' dir='ltr'>qualis</span> <span class='ocrx_word' id='word_1_329' title='bbox 1015 2653 1168 2705; x_wconf 73' lang='lat' dir='ltr'>palma</span> <span class='ocrx_word' id='word_1_330' title='bbox 1190 2655 1357 2705; x_wconf 74' lang='lat' dir='ltr'>parata</span> <span class='ocrx_word' id='word_1_331' title='bbox 1389 2655 1457 2703; x_wconf 74' lang='lat' dir='ltr'>est,</span> 
     </span>
     <span class='ocr_line' id='line_1_38' title="bbox 310 2724 1498 2779; baseline -0.002 -13"><span class='ocrx_word' id='word_1_332' title='bbox 310 2726 510 2777; x_wconf 78' lang='lat' dir='ltr'>Aspicite,</span> <span class='ocrx_word' id='word_1_333' title='bbox 543 2726 759 2779; x_wconf 73' lang='lat' dir='ltr'>innuptae,</span> <span class='ocrx_word' id='word_1_334' title='bbox 790 2739 926 2766; x_wconf 80' lang='lat' dir='ltr'>secum</span> <span class='ocrx_word' id='word_1_335' title='bbox 957 2727 1003 2765; x_wconf 69' lang='lat' dir='ltr'>ut</span> <span class='ocrx_word' id='word_1_336' title='bbox 1033 2725 1234 2765; x_wconf 66' lang='lat' dir='ltr'>meditata</span> <span class='ocrx_word' id='word_1_337' title='bbox 1265 2724 1498 2777; x_wconf 75' lang='lat' dir='ltr'>requirunt.</span> 
     </span>
     <span class='ocr_line' id='line_1_39' title="bbox 99 2794 1715 2851; baseline -0.002 -13"><span class='ocrx_word' id='word_1_338' title='bbox 99 2797 208 2850; x_wconf 88' lang='lat' dir='ltr'>Ergo</span> <span class='ocrx_word' id='word_1_339' title='bbox 240 2797 310 2838; x_wconf 90' lang='lat' dir='ltr'>illo</span> <span class='ocrx_word' id='word_1_340' title='bbox 339 2797 447 2839; x_wconf 87' lang='lat' dir='ltr'>dicto</span> <span class='ocrx_word' id='word_1_341' title='bbox 480 2797 715 2850; x_wconf 85' lang='lat' dir='ltr'>significant</span> <span class='ocrx_word' id='word_1_342' title='bbox 745 2798 921 2851; x_wconf 90' lang='lat' dir='ltr'>puellae,</span> <span class='ocrx_word' id='word_1_343' title='bbox 953 2808 1035 2836; x_wconf 91' lang='lat' dir='ltr'>non</span> <span class='ocrx_word' id='word_1_344' title='bbox 1066 2795 1231 2837; x_wconf 85' lang='lat' dir='ltr'>facilem</span> <span class='ocrx_word' id='word_1_345' title='bbox 1263 2796 1341 2836; x_wconf 90' lang='lat' dir='ltr'>sibi</span> <span class='ocrx_word' id='word_1_346' title='bbox 1371 2795 1488 2835; x_wconf 91' lang='lat' dir='ltr'>illam</span> <span class='ocrx_word' id='word_1_347' title='bbox 1521 2807 1541 2835; x_wconf 93' lang='lat' dir='ltr'>e</span> <span class='ocrx_word' id='word_1_348' title='bbox 1576 2794 1715 2846; x_wconf 82' lang='lat' dir='ltr'>qualis</span> 
     </span>
    </p>
   </div>
  </div>
 </body>
</html>
