2013 3223
1035 110 1116 145 164

260 234 494 275 revinctam
535 234 670 274 teneri
711 232 891 281 fatetur,
934 233 1019 273 sive
1060 232 1143 273 huc
1188 231 1273 272 sive
1314 232 1415 273 illuc
1457 233 1688 275 orationem
1722 234 1897 285 flexerit,

262 316 427 359 semper
460 305 502 344 in
534 303 787 356 impeditum
821 302 959 342 locum
991 302 1191 351 incurret,
1224 302 1336 342 unde
1369 303 1506 344 exitus
1538 316 1620 344 non
1654 303 1790 344 datur.

380 374 554 415 Accedit
600 373 707 413 ratio
756 373 1051 424 grammatica,
1101 384 1207 425 quac
1257 373 1438 425 spectari
1485 373 1620 415 debet.
1693 373 1897 425 Quamvis

262 444 389 486 dubia
432 444 487 484 sit
526 443 652 484 huius
693 443 773 483 loci
814 442 959 492 lectio,
1006 443 1085 483 hoc
1116 444 1260 483 tamen
1294 445 1488 496 apparet,
1537 444 1585 485 de
1620 446 1775 485 natura
1807 445 1898 486 eius

261 515 437 556 actionis
472 526 578 566 quae
621 513 663 553 in
695 513 876 554 lectione
910 515 1107 566 corrupta
1138 513 1293 562 lateat,
1337 513 1440 554 satis
1474 516 1666 556 constare
1699 527 1720 556 0
1752 514 1898 556 formis

266 576 402 647 ‘fiam'
449 586 491 625 et
535 574 775 645 ‘fulgeretffi
847 583 1142 624 Certissimum
1187 583 1298 624 enim
1341 585 1424 633 est,
1473 585 1634 637 siquis
1672 576 1895 646 ‘fulgeret'

262 655 382 702 dicit,
426 655 511 695 sive
556 666 604 694 ea
643 653 779 694 forma
821 653 1007 706 optantis
1051 655 1115 694 est
1155 653 1243 694 sive
1277 653 1561 695 condicionem
1595 655 1779 707 aliquam
1813 657 1900 696 sta-

261 725 421 766 tuentis
454 749 510 754 —
544 723 596 765 ad
639 724 716 765 has
761 724 872 764 enim
917 724 1022 764 duas
1063 723 1254 764 notiones
1297 725 1339 764 et
1383 724 1644 766 coniecturae
1676 726 1899 778 hucusque

262 796 451 849 prolatae
493 794 672 835 redeunt
715 796 757 835 et
797 794 932 835 redire
975 794 1129 835 debent
1163 818 1229 843 —‚
1272 807 1369 835 eum
1401 794 1461 835 ita
1494 795 1630 836 dicere
1662 808 1744 836 non
1776 808 1900 849 posse

262 866 344 907 nisi
378 865 465 906 81110
488 865 575 905 11113
598 864 791 906 veritatis
815 865 1084 918 oppositione,
1118 865 1318 917 quoniam
1349 865 1452 906 haec
1486 867 1550 906 est
1583 866 1670 907 eius
1704 866 1901 908 coniunc-

262 937 338 977 tivi
370 936 436 977 vel
468 935 705 989 praesentis
728 935 794 975 vel
826 934 1001 988 perfecti
1024 935 1226 988 temporis
1258 935 1365 976 ratio
1399 937 1596 977 constans
1629 937 1671 976 in
1705 937 1898 978 omnibus

263 1007 322 1048 eis
356 1006 610 1055 enuntiatis,
644 1018 751 1058 quae
785 1006 835 1046 ab
870 1006 962 1046 aliis
995 1018 1080 1046 non
1114 1005 1300 1059 pendent
1333 1006 1482 1058 suique
1514 1006 1618 1047 iuris
1652 1008 1761 1048 sunt.
1822 1008 1900 1048 At-

265 1089 344 1130 que
385 1076 520 1117 Ellisii
569 1076 854 1130 coniecturam
901 1067 1181 1137 ‘corruerent'
1237 1078 1382 1117 contra
1428 1077 1646 1129 vulgarem
1695 1078 1900 1118 sermonis

262 1148 400 1200 legem
433 1147 590 1188 factam
623 1159 716 1188 esse
740 1147 807 1187 vix
841 1149 917 1196 est,
952 1147 1064 1199 quod
1096 1159 1305 1188 moneam.
1347 1147 1409 1187 Ea
1442 1147 1552 1188 enim
1586 1148 1692 1188 actio
1725 1148 1901 1201 cogitari

263 1219 433 1259 tantum
465 1219 608 1271 potest
641 1230 738 1258 cum
771 1217 1032 1270 oppositione
1068 1219 1109 1258 et
1142 1219 1338 1271 respectu
1370 1218 1572 1267 veritatis,
1605 1218 1690 1259 sive
1724 1230 1772 1259 ea
1793 1218 1900 1259 veri-

264 1291 332 1330 tas
366 1288 507 1329 addita
541 1290 605 1329 est
638 1288 723 1329 sive
759 1288 944 1341 suppleri
977 1288 1111 1329 debet.

387 1358 468 1400 Sed
500 1360 671 1412 propter
705 1359 940 1400 sententiae
975 1371 1082 1411 quae
1116 1359 1381 1400 desideratur
1420 1359 1628 1400 rationem
1658 1371 1736 1400 1100
1766 1359 1901 1400 Lach-

265 1430 411 1471 manni
453 1429 695 1470 coniectura
740 1429 900 1492 csidera
942 1430 1178 1470 corruerint
1210 1427 1414 1479 utinam’‚
1463 1442 1589 1482 quam
1623 1430 1670 1471 B.
1708 1429 1903 1471 Schmidt

264 1501 448 1554 recipere
481 1500 617 1541 noluit
649 1500 717 1553 (cf.
752 1500 844 1541 adn.
878 1501 996 1553 crit),
1028 1513 1105 1541 nec
1132 1500 1381 1541 Baehrensii
1414 1501 1539 1542 haec:
1575 1500 1732 1557 ‘sidera
1765 1501 1804 1541 vi
1836 1513 1901 1542 re—

264 1572 426 1619 tinent;
473 1573 595 1612 retus
639 1572 682 1612 at
725 1583 842 1611 coma
883 1571 997 1623 regia
1028 1570 1127 1611 fiam
1169 1571 1211 1623 (i.
1245 1583 1277 1612 e.
1311 1571 1346 1611 si
1377 1571 1505 1624 fiam),
1536 1571 1751 1624 proximus
1785 1602 1793 1610 .
1826 1602 1834 1611 .
1868 1568 1891 1612 .’

264 1642 430 1696 probari
477 1643 628 1695 potest.
704 1641 784 1683 Hic
826 1642 937 1682 enim
978 1642 1205 1682 caesariem
1246 1641 1305 1681 ita
1347 1641 1431 1682 fere
1476 1642 1732 1693 cogitantem
1774 1640 1900 1683 facit:

275 1713 350 1769 ‘sic
383 1712 528 1761 sentio,
561 1713 596 1753 si
630 1724 736 1764 quae
770 1713 895 1753 antea
927 1711 987 1752 fui
1020 1724 1138 1752 coma
1169 1711 1282 1762 fiam,
1314 1724 1388 1765 per
1420 1724 1486 1753 me
1518 1724 1639 1765 posse
1674 1711 1826 1753 Oriona
1859 1713 1903 1753 et

268 1783 502 1836 Aquarium
537 1794 627 1823 0880
660 1782 838 1831 vicinos,
884 1782 1036 1835 quippe
1072 1794 1179 1835 quae
1212 1782 1317 1822 nihil
1351 1782 1487 1823 sidera
1520 1779 1697 1832 curem'‚
1730 1782 1903 1824 statuit-

270 1866 349 1906 que
399 1853 525 1894 simul
580 1850 795 1909 ‘fulgeret‘
852 1853 1024 1894 modum
1067 1854 1356 1894 concessivum
1398 1865 1501 1894 0880.
1570 1852 1744 1894 Accedit
1791 1853 1903 1906 quod

276 1921 490 1981 ‘retinent'
533 1924 692 1965 obiecto
717 1926 833 1965 caret
857 1924 1109 1977 omninoque
1144 1926 1233 1965 tota
1267 1924 1398 1965 oratio
1430 1924 1473 1964 in
1506 1924 1680 1965 disiecta
1711 1924 1904 1965 membra

270 1994 532 2048 discerpitur.

387 2065 535 2117 Neque
583 2064 834 2117 Hertzbergi
882 2066 1122 2106 coniectura
1170 2066 1307 2119 explet
1352 2065 1414 2115 id,
1469 2065 1579 2117 quod
1627 2065 1904 2107 desideratur.

273 2135 549 2178 Scribendum
582 2136 694 2176 enim
728 2148 818 2176 esse
853 2138 1018 2177 censet:

513 2204 668 2247 Sidera
700 2207 950 2257 corruerint,
983 2207 1135 2248 *iterum
1167 2210 1214 2247 ut
1246 2220 1363 2248 coma
1396 2207 1513 2260 reyz'a
1542 2206 1657 2258 fiam.

273 2277 414 2329 Quid?
447 2277 625 2318 formam
666 2275 934 2334 ‘corruerint’
978 2278 1062 2319 sive
1095 2277 1267 2318 modum
1300 2278 1535 2331 optativum
1574 2278 1905 2332 interpretamur

273 2349 358 2390 sive
403 2348 711 2397 concessivum,
756 2348 966 2402 perfectae
1010 2348 1184 2389 actionis
1227 2350 1395 2402 tempus
1437 2361 1601 2403 semper
1634 2348 1905 2390 offensionem

271 2420 411 2468 habet,
446 2419 644 2471 quoniam
677 2419 852 2460 verbum
887 2419 1142 2473 respondens
1185 2417 1394 2475 ‘fulgeret'
1434 2421 1669 2473 praesentis
1700 2419 1904 2473 temporis

273 2492 348 2531 est.
414 2489 493 2530 Sed
527 2492 673 2530 contra
696 2490 772 2531 has
807 2503 950 2531 omnes
975 2503 1080 2543 quas
1114 2491 1239 2531 attuli
1263 2491 1523 2532 coniecturas
1552 2491 1656 2531 illud
1680 2490 1904 2532 dicendum

275 2563 357 2608 est,
400 2561 434 2601 si
466 2572 612 2601 revera
652 2559 916 2616 ‘corruerint’
958 2561 1116 2611 sidera,
1158 2574 1234 2603 nec
1266 2561 1566 2615 Hydrochoum
1597 2574 1674 2602 nec
1707 2560 1904 2603 Orionem

275 2632 457 2684 amplius
492 2632 659 2672 omnino
692 2631 852 2684 fulgere
885 2645 1017 2686 posse.

394 2702 510 2742 Haec
542 2706 684 2744 autem
719 2703 856 2744 sidera
887 2704 1068 2744 maxime
1101 2703 1211 2744 inter
1244 2716 1286 2744 80
1329 2704 1429 2744 10018
1463 2703 1550 2744 81118
1583 2702 1752 2743 distant.
1813 2701 1907 2742 Hoc

276 2772 406 2825 igitur
439 2773 574 2813 dicere
608 2764 795 2814 debebat
819 2787 960 2824 coma,
993 2775 1122 2815 totius
1157 2774 1259 2815 03011
1293 2774 1481 2815 ordinem
1515 2774 1734 2814 turbatum
1766 2772 1836 2822 iri,
1870 2772 1905 2812 si
