<?xml version="1.0" encoding="UTF-8"?>
<!DOCTYPE html PUBLIC "-//W3C//DTD XHTML 1.0 Transitional//EN"
    "http://www.w3.org/TR/xhtml1/DTD/xhtml1-transitional.dtd">
<html xmlns="http://www.w3.org/1999/xhtml" xml:lang="en" lang="en">
 <head>
  <title>
</title>
<meta http-equiv="Content-Type" content="text/html;charset=utf-8" />
  <meta name='ocr-system' content='tesseract 3.04.00' />
  <meta name='ocr-capabilities' content='ocr_page ocr_carea ocr_par ocr_line ocrx_word'/>
</head>
<body>
  <div class='ocr_page' id='page_1' title='image "./quaestionescatul00webeuoft_0127.png"; bbox 0 0 2013 3223; ppageno 0'>
   <div class='ocr_carea' id='block_1_1' title="bbox 869 139 973 197">
    <p class='ocr_par' dir='ltr' id='par_1_1' title="bbox 869 139 973 197">
     <span class='ocr_line' id='line_1_1' title="bbox 869 139 973 197; baseline 0.01 -22"><span class='ocrx_word' id='word_1_1' title='bbox 869 139 973 197; x_wconf 37' lang='lat'>107-</span> 
     </span>
    </p>
   </div>
   <div class='ocr_carea' id='block_1_2' title="bbox 101 260 1729 1217">
    <p class='ocr_par' dir='ltr' id='par_1_2' title="bbox 101 260 1726 526">
     <span class='ocr_line' id='line_1_2' title="bbox 102 260 1726 322; baseline -0.002 -18"><span class='ocrx_word' id='word_1_2' title='bbox 102 264 238 318; x_wconf 87' lang='lat' dir='ltr'>poesis</span> <span class='ocrx_word' id='word_1_3' title='bbox 272 265 313 304; x_wconf 91' lang='lat' dir='ltr'>et</span> <span class='ocrx_word' id='word_1_4' title='bbox 343 263 584 303; x_wconf 87' lang='lat' dir='ltr'>litterarum</span> <span class='ocrx_word' id='word_1_5' title='bbox 615 263 731 304; x_wconf 87' lang='lat' dir='ltr'>velut</span> <span class='ocrx_word' id='word_1_6' title='bbox 763 263 890 303; x_wconf 89' lang='lat' dir='ltr'>radiis</span> <span class='ocrx_word' id='word_1_7' title='bbox 923 263 1006 303; x_wconf 88' lang='lat' dir='ltr'>icta</span> <span class='ocrx_word' id='word_1_8' title='bbox 1047 264 1088 303; x_wconf 90' lang='lat' dir='ltr'>et</span> <span class='ocrx_word' id='word_1_9' title='bbox 1127 261 1338 314; x_wconf 72' lang='lat' dir='ltr'>tepefacta</span> <span class='ocrx_word' id='word_1_10' title='bbox 1374 272 1465 322; x_wconf 55' lang='lat' dir='ltr'>(ver</span> <span class='ocrx_word' id='word_1_11' title='bbox 1494 272 1652 300; x_wconf 89' lang='lat' dir='ltr'>novum</span> <span class='ocrx_word' id='word_1_12' title='bbox 1684 260 1726 300; x_wconf 91' lang='lat' dir='ltr'>et</span> 
     </span>
     <span class='ocr_line' id='line_1_3' title="bbox 104 327 1724 384; baseline -0.004 -9"><span class='ocrx_word' id='word_1_13' title='bbox 104 331 324 376; x_wconf 82' lang='lat' dir='ltr'>canorum&#39;</span> <span class='ocrx_word' id='word_1_14' title='bbox 366 335 609 374; x_wconf 88' lang='lat' dir='ltr'>nasceretur</span> <span class='ocrx_word' id='word_1_15' title='bbox 656 333 705 374; x_wconf 87' lang='lat' dir='ltr'>cf.</span> <span class='ocrx_word' id='word_1_16' title='bbox 748 333 781 374; x_wconf 90' lang='grc' dir='ltr'>Ο</span> <span class='ocrx_word' id='word_1_17' title='bbox 815 333 999 374; x_wconf 82' lang='lat' dir='ltr'>Ribbeck</span> <span class='ocrx_word' id='word_1_18' title='bbox 1030 333 1055 372; x_wconf 95' lang='lat' dir='ltr'>l.</span> <span class='ocrx_word' id='word_1_19' title='bbox 1089 345 1121 373; x_wconf 89' lang='lat' dir='ltr'>c.</span> <span class='ocrx_word' id='word_1_20' title='bbox 1163 332 1184 372; x_wconf 94' lang='lat' dir='ltr'>I</span> <span class='ocrx_word' id='word_1_21' title='bbox 1222 345 1260 384; x_wconf 93' lang='lat' dir='ltr'>p.</span> <span class='ocrx_word' id='word_1_22' title='bbox 1294 337 1390 373; x_wconf 82' lang='lat'>307.</span> <span class='ocrx_word' id='word_1_23' title='bbox 1452 330 1574 371; x_wconf 82' lang='lat' dir='ltr'>Riese</span> <span class='ocrx_word' id='word_1_24' title='bbox 1607 327 1724 375; x_wconf 72' lang='lat' dir='ltr'>Einl.</span> 
     </span>
     <span class='ocr_line' id='line_1_4' title="bbox 101 398 1725 458; baseline -0.004 -13"><span class='ocrx_word' id='word_1_25' title='bbox 101 418 141 458; x_wconf 91' lang='lat' dir='ltr'>p.</span> <span class='ocrx_word' id='word_1_26' title='bbox 172 404 222 444; x_wconf 92' lang='lat' dir='ltr'>V.</span> <span class='ocrx_word' id='word_1_27' title='bbox 296 403 413 446; x_wconf 91' lang='lat' dir='ltr'>Comi</span> <span class='ocrx_word' id='word_1_28' title='bbox 455 403 562 444; x_wconf 57' lang='lat' dir='ltr'>Nori</span> <span class='ocrx_word' id='word_1_29' title='bbox 603 406 693 443; x_wconf 88' lang='lat' dir='ltr'>erat</span> <span class='ocrx_word' id='word_1_30' title='bbox 732 406 855 456; x_wconf 86' lang='lat' dir='ltr'>poeta</span> <span class='ocrx_word' id='word_1_31' title='bbox 896 398 964 443; x_wconf 90' lang='lat' dir='ltr'>ille</span> <span class='ocrx_word' id='word_1_32' title='bbox 1008 402 1234 449; x_wconf 76' lang='lat' dir='ltr'>Caecilius,</span> <span class='ocrx_word' id='word_1_33' title='bbox 1276 401 1328 442; x_wconf 89' lang='lat' dir='ltr'>ad</span> <span class='ocrx_word' id='word_1_34' title='bbox 1369 413 1494 453; x_wconf 88' lang='lat' dir='ltr'>quem</span> <span class='ocrx_word' id='word_1_35' title='bbox 1533 399 1725 441; x_wconf 77' lang='lat' dir='ltr'>Catullus</span> 
     </span>
     <span class='ocr_line' id='line_1_5' title="bbox 103 473 1692 526; baseline -0.005 -11"><span class='ocrx_word' id='word_1_36' title='bbox 103 487 137 515; x_wconf 90' lang='lat' dir='ltr'>c.</span> <span class='ocrx_word' id='word_1_37' title='bbox 167 473 325 515; x_wconf 87' lang='lat' dir='ltr'>XXXV</span> <span class='ocrx_word' id='word_1_38' title='bbox 359 474 536 526; x_wconf 73' lang='lat' dir='ltr'>scripsit.</span> <span class='ocrx_word' id='word_1_39' title='bbox 1689 484 1692 487; x_wconf 93' lang='lat'>·</span> 
     </span>
    </p>

    <p class='ocr_par' dir='ltr' id='par_1_3' title="bbox 101 539 1729 1217">
     <span class='ocr_line' id='line_1_6' title="bbox 221 539 1725 595; baseline -0.003 -11"><span class='ocrx_word' id='word_1_40' title='bbox 221 543 379 594; x_wconf 84' lang='lat' dir='ltr'>Quodsi</span> <span class='ocrx_word' id='word_1_41' title='bbox 411 544 528 584; x_wconf 87' lang='lat' dir='ltr'>Malii</span> <span class='ocrx_word' id='word_1_42' title='bbox 561 544 718 584; x_wconf 90' lang='lat' dir='ltr'>amicus</span> <span class='ocrx_word' id='word_1_43' title='bbox 752 556 827 584; x_wconf 92' lang='lat' dir='ltr'>nec</span> <span class='ocrx_word' id='word_1_44' title='bbox 860 543 1040 595; x_wconf 87' lang='lat' dir='ltr'>coniugii</span> <span class='ocrx_word' id='word_1_45' title='bbox 1072 542 1240 583; x_wconf 86' lang='lat' dir='ltr'>fortuna</span> <span class='ocrx_word' id='word_1_46' title='bbox 1278 541 1433 581; x_wconf 77' lang='lat' dir='ltr'>fruitur</span> <span class='ocrx_word' id='word_1_47' title='bbox 1465 553 1541 581; x_wconf 89' lang='lat' dir='ltr'>nec</span> <span class='ocrx_word' id='word_1_48' title='bbox 1572 539 1725 581; x_wconf 80' lang='lat' dir='ltr'>veteris</span> 
     </span>
     <span class='ocr_line' id='line_1_7' title="bbox 102 612 1727 668; baseline -0.003 -14"><span class='ocrx_word' id='word_1_49' title='bbox 102 614 238 668; x_wconf 87' lang='lat' dir='ltr'>poesis</span> <span class='ocrx_word' id='word_1_50' title='bbox 271 613 488 654; x_wconf 80' lang='lat' dir='ltr'>dulcedine</span> <span class='ocrx_word' id='word_1_51' title='bbox 528 614 571 653; x_wconf 90' lang='lat' dir='ltr'>in</span> <span class='ocrx_word' id='word_1_52' title='bbox 605 614 828 666; x_wconf 83' lang='lat' dir='ltr'>angoribus</span> <span class='ocrx_word' id='word_1_53' title='bbox 862 614 947 654; x_wconf 91' lang='lat' dir='ltr'>suis</span> <span class='ocrx_word' id='word_1_54' title='bbox 981 613 1234 661; x_wconf 89' lang='lat' dir='ltr'>oblectatur,</span> <span class='ocrx_word' id='word_1_55' title='bbox 1273 613 1434 651; x_wconf 76' lang='lat' dir='ltr'>veteres</span> <span class='ocrx_word' id='word_1_56' title='bbox 1465 612 1611 664; x_wconf 88' lang='lat' dir='ltr'>poetae</span> <span class='ocrx_word' id='word_1_57' title='bbox 1643 621 1727 650; x_wconf 89' lang='lat' dir='ltr'>non</span> 
     </span>
     <span class='ocr_line' id='line_1_8' title="bbox 101 679 1727 737; baseline -0.003 -13"><span class='ocrx_word' id='word_1_58' title='bbox 101 685 192 724; x_wconf 87' lang='lat' dir='ltr'>tam</span> <span class='ocrx_word' id='word_1_59' title='bbox 224 686 489 737; x_wconf 89' lang='lat' dir='ltr'>opponuntur</span> <span class='ocrx_word' id='word_1_60' title='bbox 510 684 628 724; x_wconf 80' lang='lat' dir='ltr'>novis</span> <span class='ocrx_word' id='word_1_61' title='bbox 650 685 796 737; x_wconf 83' lang='lat' dir='ltr'>poetis,</span> <span class='ocrx_word' id='word_1_62' title='bbox 831 696 959 736; x_wconf 91' lang='lat' dir='ltr'>quam</span> <span class='ocrx_word' id='word_1_63' title='bbox 991 683 1141 723; x_wconf 87' lang='lat' dir='ltr'>idcirco</span> <span class='ocrx_word' id='word_1_64' title='bbox 1174 682 1457 725; x_wconf 77' lang='lat' dir='ltr'>nominantur,</span> <span class='ocrx_word' id='word_1_65' title='bbox 1490 681 1587 732; x_wconf 87' lang='lat' dir='ltr'>quia</span> <span class='ocrx_word' id='word_1_66' title='bbox 1610 679 1727 720; x_wconf 74' lang='lat' dir='ltr'>Malii</span> 
     </span>
     <span class='ocr_line' id='line_1_9' title="bbox 103 749 1727 807; baseline -0.003 -12"><span class='ocrx_word' id='word_1_67' title='bbox 103 754 263 795; x_wconf 88' lang='lat' dir='ltr'>amicus</span> <span class='ocrx_word' id='word_1_68' title='bbox 305 766 350 795; x_wconf 90' lang='lat' dir='ltr'>ea</span> <span class='ocrx_word' id='word_1_69' title='bbox 394 755 661 807; x_wconf 78' lang='lat' dir='ltr'>occupatione</span> <span class='ocrx_word' id='word_1_70' title='bbox 706 754 791 794; x_wconf 89' lang='lat' dir='ltr'>iam</span> <span class='ocrx_word' id='word_1_71' title='bbox 832 754 875 794; x_wconf 92' lang='lat' dir='ltr'>in</span> <span class='ocrx_word' id='word_1_72' title='bbox 913 754 1032 794; x_wconf 79' lang='lat' dir='ltr'>anxio</span> <span class='ocrx_word' id='word_1_73' title='bbox 1066 765 1140 793; x_wconf 92' lang='lat' dir='ltr'>suo</span> <span class='ocrx_word' id='word_1_74' title='bbox 1174 754 1289 792; x_wconf 88' lang='lat' dir='ltr'>statu</span> <span class='ocrx_word' id='word_1_75' title='bbox 1321 764 1403 791; x_wconf 91' lang='lat' dir='ltr'>non</span> <span class='ocrx_word' id='word_1_76' title='bbox 1435 750 1609 803; x_wconf 86' lang='lat' dir='ltr'>gaudet,</span> <span class='ocrx_word' id='word_1_77' title='bbox 1655 749 1727 790; x_wconf 89' lang='lat' dir='ltr'>sed</span> 
     </span>
     <span class='ocr_line' id='line_1_10' title="bbox 101 822 1728 878; baseline -0.003 -13"><span class='ocrx_word' id='word_1_78' title='bbox 101 824 198 865; x_wconf 87' lang='lat' dir='ltr'>novi</span> <span class='ocrx_word' id='word_1_79' title='bbox 231 824 388 877; x_wconf 89' lang='lat' dir='ltr'>aliquid</span> <span class='ocrx_word' id='word_1_80' title='bbox 411 827 554 878; x_wconf 88' lang='lat' dir='ltr'>captat</span> <span class='ocrx_word' id='word_1_81' title='bbox 576 824 660 865; x_wconf 81' lang='lat' dir='ltr'>sive</span> <span class='ocrx_word' id='word_1_82' title='bbox 683 825 811 865; x_wconf 80' lang='lat' dir='ltr'>Malio</span> <span class='ocrx_word' id='word_1_83' title='bbox 837 824 1004 865; x_wconf 77' lang='lat' dir='ltr'>videtur</span> <span class='ocrx_word' id='word_1_84' title='bbox 1027 825 1207 876; x_wconf 81' lang='lat' dir='ltr'>captare,</span> <span class='ocrx_word' id='word_1_85' title='bbox 1240 824 1288 862; x_wconf 89' lang='lat' dir='ltr'>ut</span> <span class='ocrx_word' id='word_1_86' title='bbox 1320 822 1508 861; x_wconf 90' lang='lat' dir='ltr'>animum</span> <span class='ocrx_word' id='word_1_87' title='bbox 1541 833 1564 861; x_wconf 93' lang='lat' dir='ltr'>a</span> <span class='ocrx_word' id='word_1_88' title='bbox 1586 832 1728 861; x_wconf 86' lang='lat' dir='ltr'>rerum</span> 
     </span>
     <span class='ocr_line' id='line_1_11' title="bbox 102 890 1727 947; baseline -0.003 -12"><span class='ocrx_word' id='word_1_89' title='bbox 102 895 290 935; x_wconf 82' lang='lat' dir='ltr'>tristium</span> <span class='ocrx_word' id='word_1_90' title='bbox 332 896 582 947; x_wconf 79' lang='lat' dir='ltr'>cogitatione</span> <span class='ocrx_word' id='word_1_91' title='bbox 625 895 818 935; x_wconf 89' lang='lat' dir='ltr'>abducat.</span> <span class='ocrx_word' id='word_1_92' title='bbox 853 919 904 924; x_wconf 92' lang='lat'><strong>—</strong></span> <span class='ocrx_word' id='word_1_93' title='bbox 939 893 1099 935; x_wconf 84' lang='lat' dir='ltr'>Deinde</span> <span class='ocrx_word' id='word_1_94' title='bbox 1141 892 1245 933; x_wconf 88' lang='lat' dir='ltr'>illud</span> <span class='ocrx_word' id='word_1_95' title='bbox 1289 892 1417 932; x_wconf 86' lang='lat' dir='ltr'>etiam</span> <span class='ocrx_word' id='word_1_96' title='bbox 1455 890 1727 942; x_wconf 83' lang='lat' dir='ltr'>intellegitur,</span> 
     </span>
     <span class='ocr_line' id='line_1_12' title="bbox 101 961 1729 1016; baseline -0.004 -10"><span class='ocrx_word' id='word_1_97' title='bbox 101 977 196 1006; x_wconf 87' lang='lat' dir='ltr'>eam</span> <span class='ocrx_word' id='word_1_98' title='bbox 224 966 511 1006; x_wconf 80' lang='lat' dir='ltr'>calamitatem</span> <span class='ocrx_word' id='word_1_99' title='bbox 541 966 672 1006; x_wconf 91' lang='lat' dir='ltr'>talem</span> <span class='ocrx_word' id='word_1_100' title='bbox 704 965 845 1009; x_wconf 76' lang='lat' dir='ltr'>fuisse,</span> <span class='ocrx_word' id='word_1_101' title='bbox 878 965 920 1004; x_wconf 89' lang='lat' dir='ltr'>in</span> <span class='ocrx_word' id='word_1_102' title='bbox 945 977 1027 1016; x_wconf 86' lang='lat' dir='ltr'>qua</span> <span class='ocrx_word' id='word_1_103' title='bbox 1051 976 1174 1016; x_wconf 85' lang='lat' dir='ltr'>aeger</span> <span class='ocrx_word' id='word_1_104' title='bbox 1207 963 1371 1003; x_wconf 89' lang='lat' dir='ltr'>animus</span> <span class='ocrx_word' id='word_1_105' title='bbox 1405 962 1532 1002; x_wconf 89' lang='lat' dir='ltr'>etiam</span> <span class='ocrx_word' id='word_1_106' title='bbox 1564 961 1729 1014; x_wconf 90' lang='lat' dir='ltr'>pateret</span> 
     </span>
     <span class='ocr_line' id='line_1_13' title="bbox 101 1030 1727 1089; baseline -0.004 -13"><span class='ocrx_word' id='word_1_107' title='bbox 101 1035 349 1088; x_wconf 84' lang='lat' dir='ltr'>aditumque</span> <span class='ocrx_word' id='word_1_108' title='bbox 391 1036 609 1089; x_wconf 81' lang='lat' dir='ltr'>praeberet</span> <span class='ocrx_word' id='word_1_109' title='bbox 652 1036 715 1075; x_wconf 82' lang='lat' dir='ltr'>his</span> <span class='ocrx_word' id='word_1_110' title='bbox 759 1035 981 1076; x_wconf 86' lang='lat' dir='ltr'>levioribus</span> <span class='ocrx_word' id='word_1_111' title='bbox 1023 1033 1340 1075; x_wconf 87' lang='lat' dir='ltr'>oblectamentis</span> <span class='ocrx_word' id='word_1_112' title='bbox 1374 1034 1502 1084; x_wconf 90' lang='lat' dir='ltr'>atque</span> <span class='ocrx_word' id='word_1_113' title='bbox 1536 1044 1578 1072; x_wconf 92' lang='lat' dir='ltr'>se</span> <span class='ocrx_word' id='word_1_114' title='bbox 1610 1030 1727 1071; x_wconf 84' lang='lat' dir='ltr'>novis</span> 
     </span>
     <span class='ocr_line' id='line_1_14' title="bbox 101 1102 1729 1154; baseline -0.004 -8"><span class='ocrx_word' id='word_1_115' title='bbox 101 1106 357 1147; x_wconf 87' lang='lat' dir='ltr'>carminibus</span> <span class='ocrx_word' id='word_1_116' title='bbox 390 1108 431 1146; x_wconf 85' lang='lat' dir='ltr'>et</span> <span class='ocrx_word' id='word_1_117' title='bbox 464 1106 678 1146; x_wconf 83' lang='lat' dir='ltr'>amatoriis</span> <span class='ocrx_word' id='word_1_118' title='bbox 702 1105 926 1146; x_wconf 83' lang='lat' dir='ltr'>exhilarari</span> <span class='ocrx_word' id='word_1_119' title='bbox 958 1105 1023 1145; x_wconf 82' lang='lat' dir='ltr'>vel</span> <span class='ocrx_word' id='word_1_120' title='bbox 1047 1117 1069 1145; x_wconf 85' lang='lat' dir='ltr'>a</span> <span class='ocrx_word' id='word_1_121' title='bbox 1093 1104 1201 1145; x_wconf 88' lang='lat' dir='ltr'>curis</span> <span class='ocrx_word' id='word_1_122' title='bbox 1236 1103 1287 1144; x_wconf 91' lang='lat' dir='ltr'>ad</span> <span class='ocrx_word' id='word_1_123' title='bbox 1321 1103 1506 1154; x_wconf 86' lang='lat' dir='ltr'>aliquam</span> <span class='ocrx_word' id='word_1_124' title='bbox 1538 1102 1729 1154; x_wconf 81' lang='lat' dir='ltr'>volupta-</span> 
     </span>
     <span class='ocr_line' id='line_1_15' title="bbox 105 1176 571 1217; baseline -0.002 0"><span class='ocrx_word' id='word_1_125' title='bbox 105 1177 194 1217; x_wconf 80' lang='lat' dir='ltr'>tem</span> <span class='ocrx_word' id='word_1_126' title='bbox 227 1176 372 1217; x_wconf 80' lang='lat' dir='ltr'>deduci</span> <span class='ocrx_word' id='word_1_127' title='bbox 406 1177 571 1217; x_wconf 85' lang='lat' dir='ltr'>sineret.</span> 
     </span>
    </p>
   </div>
   <div class='ocr_carea' id='block_1_3' title="bbox 101 1312 1731 2852">
    <p class='ocr_par' dir='ltr' id='par_1_4' title="bbox 101 1312 1731 2852">
     <span class='ocr_line' id='line_1_16' title="bbox 224 1312 1730 1373; baseline -0.004 -16"><span class='ocrx_word' id='word_1_128' title='bbox 224 1316 332 1367; x_wconf 82' lang='lat' dir='ltr'>Quid</span> <span class='ocrx_word' id='word_1_129' title='bbox 373 1317 502 1369; x_wconf 79' lang='lat' dir='ltr'>igitur</span> <span class='ocrx_word' id='word_1_130' title='bbox 542 1318 689 1370; x_wconf 78' lang='lat' dir='ltr'>petivit</span> <span class='ocrx_word' id='word_1_131' title='bbox 731 1318 781 1357; x_wconf 88' lang='lat' dir='ltr'>ab</span> <span class='ocrx_word' id='word_1_132' title='bbox 825 1317 956 1357; x_wconf 88' lang='lat' dir='ltr'>amico</span> <span class='ocrx_word' id='word_1_133' title='bbox 1001 1328 1073 1369; x_wconf 87' lang='lat' dir='ltr'>pro</span> <span class='ocrx_word' id='word_1_134' title='bbox 1118 1314 1272 1355; x_wconf 83' lang='lat' dir='ltr'>afflicto</span> <span class='ocrx_word' id='word_1_135' title='bbox 1306 1314 1406 1353; x_wconf 75' lang='lat' dir='ltr'>illo?</span> <span class='ocrx_word' id='word_1_136' title='bbox 1459 1323 1655 1373; x_wconf 47' lang='lat' dir='ltr'>‘munera</span> <span class='ocrx_word' id='word_1_137' title='bbox 1687 1312 1730 1352; x_wconf 83' lang='lat' dir='ltr'>et</span> 
     </span>
     <span class='ocr_line' id='line_1_17' title="bbox 104 1379 1304 1440; baseline -0.004 -12"><span class='ocrx_word' id='word_1_138' title='bbox 104 1387 326 1428; x_wconf 85' lang='lat' dir='ltr'>Musarum</span> <span class='ocrx_word' id='word_1_139' title='bbox 359 1391 399 1427; x_wconf 89' lang='lat' dir='ltr'>et</span> <span class='ocrx_word' id='word_1_140' title='bbox 431 1379 642 1428; x_wconf 69' lang='lat' dir='ltr'>Veneris&#39;.</span> <span class='ocrx_word' id='word_1_141' title='bbox 703 1388 847 1440; x_wconf 82' lang='lat' dir='ltr'>Pergit</span> <span class='ocrx_word' id='word_1_142' title='bbox 879 1387 962 1427; x_wconf 89' lang='lat' dir='ltr'>iam</span> <span class='ocrx_word' id='word_1_143' title='bbox 997 1386 1189 1427; x_wconf 84' lang='lat' dir='ltr'>Catullus</span> <span class='ocrx_word' id='word_1_144' title='bbox 1224 1385 1304 1425; x_wconf 90' lang='lat' dir='ltr'>sic:</span> 
     </span>
     <span class='ocr_line' id='line_1_18' title="bbox 256 1451 1496 1508; baseline -0.004 -11"><span class='ocrx_word' id='word_1_145' title='bbox 256 1464 303 1497; x_wconf 95' lang='grc'>11</span> <span class='ocrx_word' id='word_1_146' title='bbox 341 1456 427 1497; x_wconf 87' lang='lat' dir='ltr'>Sed</span> <span class='ocrx_word' id='word_1_147' title='bbox 455 1457 533 1497; x_wconf 69' lang='lat' dir='ltr'>tibi</span> <span class='ocrx_word' id='word_1_148' title='bbox 563 1471 614 1498; x_wconf 72' lang='lat' dir='ltr'>ne</span> <span class='ocrx_word' id='word_1_149' title='bbox 647 1471 736 1497; x_wconf 81' lang='lat' dir='ltr'>mea</span> <span class='ocrx_word' id='word_1_150' title='bbox 769 1457 855 1497; x_wconf 78' lang='lat' dir='ltr'>sint</span> <span class='ocrx_word' id='word_1_151' title='bbox 886 1457 1027 1508; x_wconf 41' lang='lat' dir='ltr'>*ignota</span> <span class='ocrx_word' id='word_1_152' title='bbox 1064 1454 1333 1502; x_wconf 71' lang='lat' dir='ltr'>incommoda,</span> <span class='ocrx_word' id='word_1_153' title='bbox 1366 1451 1496 1501; x_wconf 65' lang='lat' dir='ltr'>Mali,</span> 
     </span>
     <span class='ocr_line' id='line_1_19' title="bbox 398 1523 1341 1578; baseline -0.004 -11"><span class='ocrx_word' id='word_1_154' title='bbox 398 1526 495 1567; x_wconf 75' lang='lat' dir='ltr'>Neu</span> <span class='ocrx_word' id='word_1_155' title='bbox 528 1541 589 1567; x_wconf 82' lang='lat' dir='ltr'>me</span> <span class='ocrx_word' id='word_1_156' title='bbox 621 1527 755 1567; x_wconf 75' lang='lat' dir='ltr'>odisse</span> <span class='ocrx_word' id='word_1_157' title='bbox 782 1530 904 1578; x_wconf 72' lang='lat' dir='ltr'>putes</span> <span class='ocrx_word' id='word_1_158' title='bbox 934 1526 1111 1577; x_wconf 72' lang='lat' dir='ltr'>hospitis</span> <span class='ocrx_word' id='word_1_159' title='bbox 1143 1523 1341 1576; x_wconf 69' lang='lat' dir='ltr'>officium,</span> 
     </span>
     <span class='ocr_line' id='line_1_20' title="bbox 339 1594 1396 1649; baseline -0.003 -11"><span class='ocrx_word' id='word_1_160' title='bbox 339 1598 497 1649; x_wconf 75' lang='lat' dir='ltr'>Accipe</span> <span class='ocrx_word' id='word_1_161' title='bbox 529 1599 624 1649; x_wconf 72' lang='lat' dir='ltr'>qais</span> <span class='ocrx_word' id='word_1_162' title='bbox 657 1610 809 1637; x_wconf 74' lang='lat' dir='ltr'>merser</span> <span class='ocrx_word' id='word_1_163' title='bbox 839 1597 1036 1649; x_wconf 76' lang='lat' dir='ltr'>fortunae</span> <span class='ocrx_word' id='word_1_164' title='bbox 1066 1594 1264 1646; x_wconf 73' lang='lat' dir='ltr'>fluctibus</span> <span class='ocrx_word' id='word_1_165' title='bbox 1296 1594 1396 1644; x_wconf 65' lang='lat' dir='ltr'>ipse.</span> 
     </span>
     <span class='ocr_line' id='line_1_21' title="bbox 400 1665 1379 1721; baseline -0.006 -12"><span class='ocrx_word' id='word_1_166' title='bbox 400 1667 465 1709; x_wconf 79' lang='lat' dir='ltr'>Ne</span> <span class='ocrx_word' id='word_1_167' title='bbox 497 1668 682 1721; x_wconf 75' lang='lat' dir='ltr'>amplius</span> <span class='ocrx_word' id='word_1_168' title='bbox 714 1682 739 1708; x_wconf 82' lang='lat' dir='ltr'>a</span> <span class='ocrx_word' id='word_1_169' title='bbox 774 1668 923 1709; x_wconf 78' lang='lat' dir='ltr'>misero</span> <span class='ocrx_word' id='word_1_170' title='bbox 955 1667 1066 1708; x_wconf 76' lang='lat' dir='ltr'>dona</span> <span class='ocrx_word' id='word_1_171' title='bbox 1098 1665 1218 1706; x_wconf 82' lang='lat' dir='ltr'>beata</span> <span class='ocrx_word' id='word_1_172' title='bbox 1244 1667 1379 1716; x_wconf 73' lang='lat' dir='ltr'>petas.</span> 
     </span>
     <span class='ocr_line' id='line_1_22' title="bbox 104 1727 1731 1801; baseline -0.004 -22"><span class='ocrx_word' id='word_1_173' title='bbox 104 1738 235 1780; x_wconf 87' lang='lat' dir='ltr'>Poeta</span> <span class='ocrx_word' id='word_1_174' title='bbox 268 1739 415 1791; x_wconf 79' lang='lat' dir='ltr'>igitur,</span> <span class='ocrx_word' id='word_1_175' title='bbox 458 1740 527 1792; x_wconf 88' lang='lat' dir='ltr'>qui</span> <span class='ocrx_word' id='word_1_176' title='bbox 575 1740 702 1801; x_wconf 51' lang='lat' dir='ltr'>(ipse</span> <span class='ocrx_word' id='word_1_177' title='bbox 743 1742 1011 1780; x_wconf 84' lang='lat' dir='ltr'>mersatur</span> <span class='ocrx_word' id='word_1_178' title='bbox 1051 1737 1243 1778; x_wconf 81' lang='lat' dir='ltr'>fortunae</span> <span class='ocrx_word' id='word_1_179' title='bbox 1286 1727 1518 1782; x_wconf 79' lang='lat' dir='ltr'>fluctibus&#39;,</span> <span class='ocrx_word' id='word_1_180' title='bbox 1561 1733 1641 1774; x_wconf 91' lang='lat' dir='ltr'>etsi</span> <span class='ocrx_word' id='word_1_181' title='bbox 1672 1732 1731 1773; x_wconf 89' lang='lat' dir='ltr'>ita</span> 
     </span>
     <span class='ocr_line' id='line_1_23' title="bbox 106 1805 1731 1862; baseline -0.004 -12"><span class='ocrx_word' id='word_1_182' title='bbox 106 1810 442 1850; x_wconf 85' lang='lat' dir='ltr'>communionem</span> <span class='ocrx_word' id='word_1_183' title='bbox 486 1811 697 1862; x_wconf 85' lang='lat' dir='ltr'>quandam</span> <span class='ocrx_word' id='word_1_184' title='bbox 740 1811 930 1850; x_wconf 86' lang='lat' dir='ltr'>fortunae</span> <span class='ocrx_word' id='word_1_185' title='bbox 971 1821 1067 1849; x_wconf 87' lang='lat' dir='ltr'>cum</span> <span class='ocrx_word' id='word_1_186' title='bbox 1109 1808 1240 1848; x_wconf 85' lang='lat' dir='ltr'>altero</span> <span class='ocrx_word' id='word_1_187' title='bbox 1283 1806 1354 1846; x_wconf 86' lang='lat' dir='ltr'>illo</span> <span class='ocrx_word' id='word_1_188' title='bbox 1393 1805 1539 1851; x_wconf 87' lang='lat' dir='ltr'>habet,</span> <span class='ocrx_word' id='word_1_189' title='bbox 1588 1806 1731 1844; x_wconf 88' lang='lat' dir='ltr'>tamen</span> 
     </span>
     <span class='ocr_line' id='line_1_24' title="bbox 101 1864 1728 1940; baseline -0.005 -19"><span class='ocrx_word' id='word_1_190' title='bbox 101 1881 243 1934; x_wconf 87' lang='lat' dir='ltr'>peiore</span> <span class='ocrx_word' id='word_1_191' title='bbox 276 1881 411 1921; x_wconf 90' lang='lat' dir='ltr'>utitur</span> <span class='ocrx_word' id='word_1_192' title='bbox 434 1882 669 1922; x_wconf 82' lang='lat' dir='ltr'>condicione</span> <span class='ocrx_word' id='word_1_193' title='bbox 695 1893 821 1933; x_wconf 86' lang='lat' dir='ltr'>quam</span> <span class='ocrx_word' id='word_1_194' title='bbox 854 1881 901 1927; x_wconf 82' lang='lat' dir='ltr'>is,</span> <span class='ocrx_word' id='word_1_195' title='bbox 935 1880 1007 1932; x_wconf 90' lang='lat' dir='ltr'>qui</span> <span class='ocrx_word' id='word_1_196' title='bbox 1044 1877 1360 1940; x_wconf 51' lang='lat' dir='ltr'>(naufragus</span> <span class='ocrx_word' id='word_1_197' title='bbox 1394 1875 1602 1916; x_wconf 89' lang='lat' dir='ltr'>eiectus</span> <span class='ocrx_word' id='word_1_198' title='bbox 1626 1864 1728 1915; x_wconf 82' lang='lat' dir='ltr'>est&#39;</span> 
     </span>
     <span class='ocr_line' id='line_1_25' title="bbox 101 1946 1498 2003; baseline -0.004 -13"><span class='ocrx_word' id='word_1_199' title='bbox 101 1950 160 1991; x_wconf 83' lang='lat' dir='ltr'>ad</span> <span class='ocrx_word' id='word_1_200' title='bbox 191 1951 304 1992; x_wconf 91' lang='lat' dir='ltr'>litus.</span> <span class='ocrx_word' id='word_1_201' title='bbox 367 1951 476 2002; x_wconf 85' lang='lat' dir='ltr'>Quid</span> <span class='ocrx_word' id='word_1_202' title='bbox 511 1952 589 1992; x_wconf 89' lang='lat' dir='ltr'>sibi</span> <span class='ocrx_word' id='word_1_203' title='bbox 622 1951 830 1999; x_wconf 77' lang='lat' dir='ltr'>acciderit,</span> <span class='ocrx_word' id='word_1_204' title='bbox 864 1950 1062 2003; x_wconf 73' lang='lat' dir='ltr'>proximis</span> <span class='ocrx_word' id='word_1_205' title='bbox 1097 1948 1285 1988; x_wconf 80' lang='lat' dir='ltr'>versibus</span> <span class='ocrx_word' id='word_1_206' title='bbox 1319 1946 1498 1986; x_wconf 84' lang='lat' dir='ltr'>indicat:</span> 
     </span>
     <span class='ocr_line' id='line_1_26' title="bbox 258 2016 1599 2074; baseline -0.007 -10"><span class='ocrx_word' id='word_1_207' title='bbox 258 2028 308 2064; x_wconf 81' lang='lat'>15</span> <span class='ocrx_word' id='word_1_208' title='bbox 344 2022 542 2074; x_wconf 76' lang='lat' dir='ltr'>Tempore</span> <span class='ocrx_word' id='word_1_209' title='bbox 574 2035 653 2074; x_wconf 79' lang='lat' dir='ltr'>quo</span> <span class='ocrx_word' id='word_1_210' title='bbox 678 2022 871 2073; x_wconf 75' lang='lat' dir='ltr'>primum</span> <span class='ocrx_word' id='word_1_211' title='bbox 902 2020 1026 2060; x_wconf 63' lang='lat' dir='ltr'>vestis</span> <span class='ocrx_word' id='word_1_212' title='bbox 1057 2018 1162 2059; x_wconf 66' lang='lat' dir='ltr'>milti</span> <span class='ocrx_word' id='word_1_213' title='bbox 1193 2016 1355 2057; x_wconf 77' lang='lat' dir='ltr'>tradita</span> <span class='ocrx_word' id='word_1_214' title='bbox 1380 2029 1499 2068; x_wconf 74' lang='lat' dir='ltr'>pura</span> <span class='ocrx_word' id='word_1_215' title='bbox 1531 2017 1599 2062; x_wconf 83' lang='lat' dir='ltr'>est,</span> 
     </span>
     <span class='ocr_line' id='line_1_27' title="bbox 402 2089 1379 2141; baseline -0.007 -8"><span class='ocrx_word' id='word_1_216' title='bbox 402 2093 637 2133; x_wconf 72' lang='lat' dir='ltr'>locandum</span> <span class='ocrx_word' id='word_1_217' title='bbox 669 2106 759 2133; x_wconf 78' lang='lat' dir='ltr'>cum</span> <span class='ocrx_word' id='word_1_218' title='bbox 795 2094 909 2132; x_wconf 79' lang='lat' dir='ltr'>aetas</span> <span class='ocrx_word' id='word_1_219' title='bbox 939 2089 1095 2141; x_wconf 75' lang='lat' dir='ltr'>florida</span> <span class='ocrx_word' id='word_1_220' title='bbox 1128 2102 1198 2128; x_wconf 77' lang='lat' dir='ltr'>ver</span> <span class='ocrx_word' id='word_1_221' title='bbox 1230 2089 1379 2139; x_wconf 62' lang='lat' dir='ltr'>ageret,</span> 
     </span>
     <span class='ocr_line' id='line_1_28' title="bbox 342 2157 1419 2205; baseline -0.006 -2"><span class='ocrx_word' id='word_1_222' title='bbox 342 2162 487 2205; x_wconf 75' lang='lat' dir='ltr'>Multa</span> <span class='ocrx_word' id='word_1_223' title='bbox 521 2164 627 2204; x_wconf 82' lang='lat' dir='ltr'>satis</span> <span class='ocrx_word' id='word_1_224' title='bbox 658 2163 766 2204; x_wconf 78' lang='lat' dir='ltr'>lusi:</span> <span class='ocrx_word' id='word_1_225' title='bbox 798 2175 881 2203; x_wconf 62' lang='lat' dir='ltr'>ozon</span> <span class='ocrx_word' id='word_1_226' title='bbox 913 2165 970 2202; x_wconf 79' lang='lat' dir='ltr'>est</span> <span class='ocrx_word' id='word_1_227' title='bbox 1002 2161 1077 2201; x_wconf 83' lang='lat' dir='ltr'>dea</span> <span class='ocrx_word' id='word_1_228' title='bbox 1110 2159 1252 2200; x_wconf 73' lang='lat' dir='ltr'>nescia</span> <span class='ocrx_word' id='word_1_229' title='bbox 1284 2157 1419 2198; x_wconf 72' lang='lat' dir='ltr'>nostri</span> 
     </span>
     <span class='ocr_line' id='line_1_29' title="bbox 405 2229 1332 2286; baseline -0.008 -11"><span class='ocrx_word' id='word_1_230' title='bbox 405 2234 523 2286; x_wconf 73' lang='lat' dir='ltr'>Quae</span> <span class='ocrx_word' id='word_1_231' title='bbox 555 2233 713 2274; x_wconf 78' lang='lat' dir='ltr'>dulcem</span> <span class='ocrx_word' id='word_1_232' title='bbox 747 2233 863 2274; x_wconf 78' lang='lat' dir='ltr'>curis</span> <span class='ocrx_word' id='word_1_233' title='bbox 894 2233 1035 2273; x_wconf 80' lang='lat' dir='ltr'>miscet</span> <span class='ocrx_word' id='word_1_234' title='bbox 1067 2229 1332 2271; x_wconf 70' lang='lat' dir='ltr'>anearitiem:</span> 
     </span>
     <span class='ocr_line' id='line_1_30' title="bbox 347 2298 1567 2353; baseline -0.007 -8"><span class='ocrx_word' id='word_1_235' title='bbox 347 2303 432 2345; x_wconf 85' lang='lat' dir='ltr'>Sed</span> <span class='ocrx_word' id='word_1_236' title='bbox 461 2307 589 2346; x_wconf 78' lang='lat' dir='ltr'>totam</span> <span class='ocrx_word' id='word_1_237' title='bbox 621 2304 693 2345; x_wconf 75' lang='lat' dir='ltr'>hoc</span> <span class='ocrx_word' id='word_1_238' title='bbox 723 2304 913 2344; x_wconf 74' lang='lat' dir='ltr'>studium</span> <span class='ocrx_word' id='word_1_239' title='bbox 947 2302 1057 2343; x_wconf 77' lang='lat' dir='ltr'>lucta</span> <span class='ocrx_word' id='word_1_240' title='bbox 1089 2302 1286 2353; x_wconf 76' lang='lat' dir='ltr'>fraterna</span> <span class='ocrx_word' id='word_1_241' title='bbox 1318 2298 1424 2339; x_wconf 64' lang='lat' dir='ltr'>mihi</span> <span class='ocrx_word' id='word_1_242' title='bbox 1458 2309 1567 2338; x_wconf 83' lang='lat' dir='ltr'>mors</span> 
     </span>
     <span class='ocr_line' id='line_1_31' title="bbox 258 2369 1402 2426; baseline -0.006 -10"><span class='ocrx_word' id='word_1_243' title='bbox 258 2380 311 2417; x_wconf 85' lang='lat'>20</span> <span class='ocrx_word' id='word_1_244' title='bbox 403 2375 601 2416; x_wconf 75' lang='lat' dir='ltr'>Abstulit.</span> <span class='ocrx_word' id='word_1_245' title='bbox 664 2388 685 2415; x_wconf 87' lang='grc' dir='ltr'><em>ο</em></span> <span class='ocrx_word' id='word_1_246' title='bbox 716 2375 868 2415; x_wconf 78' lang='lat' dir='ltr'>misero</span> <span class='ocrx_word' id='word_1_247' title='bbox 898 2374 1034 2426; x_wconf 77' lang='lat' dir='ltr'>frater</span> <span class='ocrx_word' id='word_1_248' title='bbox 1065 2372 1254 2422; x_wconf 81' lang='lat' dir='ltr'>adempte</span> <span class='ocrx_word' id='word_1_249' title='bbox 1286 2369 1402 2418; x_wconf 59' lang='lat' dir='ltr'>milti,</span> 
     </span>
     <span class='ocr_line' id='line_1_32' title="bbox 347 2441 1449 2497; baseline -0.007 -10"><span class='ocrx_word' id='word_1_250' title='bbox 347 2445 411 2486; x_wconf 77' lang='lat' dir='ltr'>Tu</span> <span class='ocrx_word' id='word_1_251' title='bbox 443 2459 535 2487; x_wconf 84' lang='lat' dir='ltr'>mea</span> <span class='ocrx_word' id='word_1_252' title='bbox 566 2449 612 2486; x_wconf 78' lang='lat' dir='ltr'>tu</span> <span class='ocrx_word' id='word_1_253' title='bbox 644 2446 824 2486; x_wconf 76' lang='lat' dir='ltr'>moriens</span> <span class='ocrx_word' id='word_1_254' title='bbox 854 2444 1017 2497; x_wconf 67' lang='lat' dir='ltr'>freyistzf</span> <span class='ocrx_word' id='word_1_255' title='bbox 1049 2441 1271 2491; x_wconf 82' lang='lat' dir='ltr'>commoda,</span> <span class='ocrx_word' id='word_1_256' title='bbox 1301 2441 1449 2493; x_wconf 81' lang='lat' dir='ltr'>frater,</span> 
     </span>
     <span class='ocr_line' id='line_1_33' title="bbox 407 2512 1442 2565; baseline -0.006 -8"><span class='ocrx_word' id='word_1_257' title='bbox 407 2516 557 2557; x_wconf 80' lang='lat' dir='ltr'>Tecum</span> <span class='ocrx_word' id='word_1_258' title='bbox 587 2530 678 2557; x_wconf 79' lang='lat' dir='ltr'>una</span> <span class='ocrx_word' id='word_1_259' title='bbox 711 2519 795 2557; x_wconf 81' lang='lat' dir='ltr'>tota</span> <span class='ocrx_word' id='word_1_260' title='bbox 827 2519 884 2556; x_wconf 86' lang='lat' dir='ltr'>est</span> <span class='ocrx_word' id='word_1_261' title='bbox 915 2516 1059 2555; x_wconf 73' lang='lat' dir='ltr'>nostra</span> <span class='ocrx_word' id='word_1_262' title='bbox 1090 2512 1255 2565; x_wconf 79' lang='lat' dir='ltr'>sepulta</span> <span class='ocrx_word' id='word_1_263' title='bbox 1287 2512 1442 2559; x_wconf 65' lang='lat' dir='ltr'>domm,</span> 
     </span>
     <span class='ocr_line' id='line_1_34' title="bbox 348 2583 1420 2638; baseline -0.007 -9"><span class='ocrx_word' id='word_1_264' title='bbox 348 2586 503 2629; x_wconf 76' lang='lat' dir='ltr'>Omnia</span> <span class='ocrx_word' id='word_1_265' title='bbox 535 2591 667 2629; x_wconf 81' lang='lat' dir='ltr'>tecum</span> <span class='ocrx_word' id='word_1_266' title='bbox 698 2601 787 2628; x_wconf 76' lang='lat' dir='ltr'>una</span> <span class='ocrx_word' id='word_1_267' title='bbox 815 2586 1036 2638; x_wconf 67' lang='lat' dir='ltr'>perierunt</span> <span class='ocrx_word' id='word_1_268' title='bbox 1065 2583 1231 2637; x_wconf 69' lang='lat' dir='ltr'>9audia</span> <span class='ocrx_word' id='word_1_269' title='bbox 1261 2584 1420 2630; x_wconf 75' lang='lat' dir='ltr'>nostra,</span> 
     </span>
     <span class='ocr_line' id='line_1_35' title="bbox 406 2654 1350 2711; baseline -0.006 -12"><span class='ocrx_word' id='word_1_270' title='bbox 406 2658 523 2711; x_wconf 69' lang='lat' dir='ltr'>Quae</span> <span class='ocrx_word' id='word_1_271' title='bbox 553 2662 654 2699; x_wconf 79' lang='lat' dir='ltr'>tuus</span> <span class='ocrx_word' id='word_1_272' title='bbox 685 2659 732 2699; x_wconf 76' lang='lat' dir='ltr'>in</span> <span class='ocrx_word' id='word_1_273' title='bbox 762 2658 852 2698; x_wconf 73' lang='lat' dir='ltr'>vita</span> <span class='ocrx_word' id='word_1_274' title='bbox 885 2655 1020 2697; x_wconf 77' lang='lat' dir='ltr'>dulcis</span> <span class='ocrx_word' id='word_1_275' title='bbox 1053 2654 1189 2696; x_wconf 82' lang='lat' dir='ltr'>alebat</span> <span class='ocrx_word' id='word_1_276' title='bbox 1221 2666 1350 2694; x_wconf 85' lang='lat' dir='ltr'>amor.</span> 
     </span>
     <span class='ocr_line' id='line_1_36' title="bbox 259 2724 1330 2782; baseline -0.007 -12"><span class='ocrx_word' id='word_1_277' title='bbox 259 2734 311 2771; x_wconf 83' lang='lat'>25</span> <span class='ocrx_word' id='word_1_278' title='bbox 350 2727 484 2771; x_wconf 76' lang='lat' dir='ltr'>Cuius</span> <span class='ocrx_word' id='word_1_279' title='bbox 515 2743 584 2782; x_wconf 71' lang='lat' dir='ltr'>eqo</span> <span class='ocrx_word' id='word_1_280' title='bbox 614 2730 791 2771; x_wconf 77' lang='lat' dir='ltr'>interitu</span> <span class='ocrx_word' id='word_1_281' title='bbox 823 2731 907 2769; x_wconf 84' lang='lat' dir='ltr'>tota</span> <span class='ocrx_word' id='word_1_282' title='bbox 940 2727 989 2768; x_wconf 85' lang='lat' dir='ltr'>de</span> <span class='ocrx_word' id='word_1_283' title='bbox 1020 2728 1151 2766; x_wconf 71' lang='lat' dir='ltr'>mente</span> <span class='ocrx_word' id='word_1_284' title='bbox 1180 2724 1330 2777; x_wconf 73' lang='lat' dir='ltr'>fuyavi</span> 
     </span>
     <span class='ocr_line' id='line_1_37' title="bbox 404 2796 1412 2852; baseline -0.007 -9"><span class='ocrx_word' id='word_1_285' title='bbox 404 2801 524 2842; x_wconf 86' lang='lat' dir='ltr'>Haec</span> <span class='ocrx_word' id='word_1_286' title='bbox 554 2801 699 2843; x_wconf 73' lang='lat' dir='ltr'>studia</span> <span class='ocrx_word' id='word_1_287' title='bbox 731 2803 855 2852; x_wconf 79' lang='lat' dir='ltr'>atque</span> <span class='ocrx_word' id='word_1_288' title='bbox 886 2811 1024 2839; x_wconf 74' lang='lat' dir='ltr'>omnes</span> <span class='ocrx_word' id='word_1_289' title='bbox 1055 2796 1231 2838; x_wconf 79' lang='lat' dir='ltr'>delicias</span> <span class='ocrx_word' id='word_1_290' title='bbox 1263 2796 1412 2837; x_wconf 78' lang='lat' dir='ltr'>animi.</span> 
     </span>
    </p>
   </div>
  </div>
 </body>
</html>
