2013 3223
962 126 1103 185 &7162
1138 181 1170 183 .-

252 268 292 309 p.
317 254 430 307 7sq.)
462 252 808 305 interrogativam
843 262 1007 302 quoque
1040 249 1125 289 vim
1156 249 1286 289 habet
1319 260 1366 288 ea
1398 259 1486 296 vox,
1518 259 1603 288 non
1627 248 1692 287 est
1712 246 1885 296 mirum,

256 325 453 378 quoniam
492 334 719 376 pronomen
758 320 862 360 illud
912 317 988 374 ‘u-'
1035 319 1260 360 relativum
1302 318 1646 370 interrogativam
1686 317 1770 357 vim
1809 329 1887 370 per

253 396 389 449 ipsam
421 394 535 435 verbi
556 391 943 446 pronuntiationem
974 389 1322 441 interrogativam
1355 387 1568 428 induebat.
1630 387 1740 427 Nam
1773 387 1884 439 quod

263 463 340 522 ‘ut'
393 465 435 504 in
475 462 873 514 interrogationibus
915 472 1038 513 saepe
1083 460 1319 500 adhibitum
1359 460 1424 500 est
1457 471 1553 499 cum
1584 457 1809 498 indicativo
1842 458 1889 498 et

257 534 539 582 coniunctim,
580 544 686 585 quae
728 532 778 572 ab
813 531 904 572 aliis
938 531 1073 571 verbis
1106 530 1286 583 pendere
1320 529 1518 570 dicuntur
1551 528 1618 582 (cf.
1650 528 1762 568 Dahl
1793 528 1818 568 1.
1852 540 1888 568 c.

255 619 293 659 p.
329 604 555 657 17—34)‚
596 602 749 643 idcirco
781 614 864 642 non
896 601 1024 642 habet
1055 600 1401 652 interrogativam
1435 600 1531 640 vim.
1574 624 1628 628 —
1675 598 1755 640 Sed
1795 595 1881 655 ‘ut'

256 678 425 717 tantum
455 675 511 715 ibi
544 673 818 714 exclamantis
852 673 928 719 est,
961 671 1032 712 ubi
1066 671 1332 711 enuntiatum
1367 669 1535 721 aliquod
1558 671 1695 710 exstat
1718 681 1890 722 separa-

257 749 348 788 tum
387 748 428 786 et
468 745 727 785 disiunctum
771 755 793 783 a
836 743 1000 794 reliqua
1040 742 1237 782 oratione.
1312 739 1432 791 Quod
1475 741 1509 780 si
1552 740 1672 781 alteri
1719 739 1888 781 cuidam

258 818 397 869 aliquo
437 815 561 856 modo
602 813 868 867 hypotactice
911 813 1108 865 subiungi
1147 813 1309 865 potest,
1353 802 1436 871 ‘ut'
1472 823 1705 863 numquam
1754 811 1891 851 excla-

256 886 454 928 mationis
501 886 590 926 vice
637 884 841 937 fungitur.
910 883 1061 935 Itaque
1107 884 1156 923 ut
1203 882 1393 935 exempla
1441 881 1646 933 quaedam
1689 893 1709 922 e
1746 881 1890 922 Plauti

258 956 521 998 Mostellaria
554 955 738 1004 afferam,
770 967 917 996 versus
955 959 1035 995 170
1069 955 1110 994 et
1136 959 1213 995 171
1250 953 1295 993 L.
1329 953 1387 993 sic
1420 954 1519 992 sunt
1551 951 1860 1004 distinguendi:

377 1026 450 1068 Ita
480 1040 545 1067 me
578 1025 623 1066 ch·
656 1027 808 1075 ament,
843 1023 1024 1076 lepidast
1057 1022 1253 1074 Scapha:
1291 1022 1407 1074 sapit
1437 1022 1608 1064 scelesta
1639 1021 1831 1072 multum,

386 1096 440 1140 Ut
473 1096 609 1148 lepide
641 1096 777 1136 omnis
808 1108 943 1136 mores
973 1097 1080 1135 tenet
1111 1093 1420 1145 sententiasque
1452 1095 1682 1142 amantum,

258 1182 361 1218 non,
403 1170 453 1208 ut
483 1168 641 1208 Lorenz
675 1166 795 1215 fecit,
839 1167 964 1219 plena
1004 1165 1343 1218 interpunctione
1387 1163 1618 1217 separandi.
1680 1163 1790 1204 Nam
1822 1163 1893 1204 hic

261 1240 349 1280 eius
373 1238 526 1287 iudicii,
550 1238 660 1290 quod
683 1237 947 1277 Philolaches
980 1237 1073 1285 fert,
1105 1235 1211 1275 ratio
1243 1236 1286 1275 et
1308 1246 1435 1275 causa
1458 1234 1730 1286 significatur.
1780 1233 1895 1274 Item

262 1322 329 1351 res
363 1322 406 1350 se
438 1309 567 1349 habet
598 1309 640 1348 in
673 1321 708 1347 v.
744 1312 901 1359 270sq.
923 1307 991 1346 L.:

381 1379 480 1421 Non
511 1378 655 1420 videor
685 1377 844 1418 vidisse
877 1365 1016 1417 lenam
1047 1375 1310 1417 callidiorem
1341 1374 1475 1415 ullam
1506 1373 1695 1424 alteram,

389 1450 444 1493 Ut
475 1449 610 1503 lepide
641 1451 766 1500 atque
799 1450 934 1488 astute
966 1447 1014 1488 in
1044 1449 1217 1488 mentem
1250 1446 1362 1487 venit
1394 1445 1442 1486 de
1473 1444 1637 1496 speculo
1668 1444 1818 1486 malae.

265 1523 515 1564 Simillimus
550 1522 614 1561 est
644 1520 679 1561 is
711 1532 814 1560 usus
849 1521 890 1560 et
923 1531 1132 1571 congruus
1171 1518 1256 1559 fere
1305 1518 1341 1558 ei
1375 1516 1676 1557 coniunctionis
1721 1506 1893 1578 ‘quom'

263 1593 442 1641 notioni,
498 1604 626 1644 quam
673 1602 801 1644 supra
842 1603 880 1643 p.
922 1595 974 1632 76
989 1601 1079 1641 sqq.
1121 1588 1350 1641 explanavi.
1421 1586 1531 1637 Quin
1571 1587 1632 1627 ita
1671 1598 1719 1627 ea
1768 1598 1896 1638 quam

265 1664 348 1704 dixi
381 1663 562 1704 causalis
595 1662 708 1702 notio
742 1660 971 1701 statuenda
1004 1661 1069 1709 sit,
1100 1672 1183 1700 non
1218 1659 1391 1699 dubium
1422 1658 1600 1698 fortasse
1633 1657 1825 1698 videatur
1848 1656 1900 1706 ei,

267 1734 339 1787 qui
361 1733 550 1774 Lorenzii
584 1732 786 1773 adnotata
819 1731 871 1772 ad
903 1744 939 1771 v.
964 1735 1046 1772 268
1080 1729 1318 1783 inspexerit.
1385 1729 1449 1769 Ibi
1471 1728 1552 1769 duo
1574 1727 1647 1768 illa
1679 1727 1902 1768 enuntiata

265 1805 481 1846 inversum
513 1803 701 1844 ordinem
732 1802 914 1843 habent:

393 1873 447 1916 Ut
478 1872 694 1925 speculum
726 1871 912 1921 tenuisti,
948 1873 1081 1911 metuo
1112 1883 1163 1911 ne
1195 1869 1311 1912 olant
1343 1871 1562 1921 aryentum
1592 1881 1759 1909 manus.

267 1944 401 1987 Affert
440 1944 595 1985 ibidem
643 1943 746 1984 alios
787 1943 911 1983 locos.
982 1942 1059 1983 His
1103 1942 1152 1983 de
1193 1941 1330 1982 causis
1371 1952 1542 1981 necesse
1585 1941 1650 1980 est
1694 1951 1901 1992 magnum

266 2016 388 2057 illum
421 2015 706 2068 exemplorum
738 2025 984 2062 numerum,
1029 2025 1155 2065 quem
1187 2012 1300 2052 Dahl
1332 2012 1357 2051 1.
1390 2024 1422 2052 c.
1454 2024 1492 2064 p.
1527 2015 1686 2052 9—16
1721 2009 1902 2062 collegit,

270 2086 392 2127 aliter
425 2087 553 2137 atque
586 2085 643 2125 ibi
674 2084 836 2124 factum
869 2085 935 2124 est
966 2084 1008 2123 in
1042 2095 1118 2124 sua
1151 2095 1304 2135 genera
1335 2082 1525 2122 discerni.

389 2154 605 2206 Quomodo
647 2154 916 2196 consecutiva
957 2156 999 2195 et
1040 2153 1177 2194 finalis
1211 2153 1272 2193 vis
1304 2154 1571 2201 nasceretur,
1610 2150 1755 2204 paucis
1796 2150 1903 2191 bene

269 2226 472 2267 indicavit
502 2226 548 2266 E.
580 2225 808 2266 Hoffmann
825 2225 840 2248 ²
872 2225 898 2265 l.
931 2237 963 2265 c.
984 2237 1023 2277 p.
1048 2230 1144 2273 202,
1178 2236 1211 2264 a.
1238 2228 1318 2265 148
1344 2222 1525 2264 cf.Dahl
1549 2223 1575 2263 1.
1598 2234 1630 2263 c.
1651 2235 1690 2275 p.
1715 2226 1795 2263 147
1811 2232 1904 2273 sqq.

389 2366 550 2407 Versus
595 2372 648 2408 93
691 2368 732 2406 et
777 2371 830 2408 94
873 2366 1058 2406 multum
1100 2364 1349 2406 coniecturis
1400 2363 1554 2404 tentati
1600 2363 1644 2403 in
1692 2362 1830 2404 codice
1861 2360 1901 2401 V

273 2437 332 2479 sic
362 2436 449 2478 fere
480 2437 754 2489 legebantur:

509 2505 663 2548 Sidera
695 2519 771 2546 cur
801 2506 952 2547 iterent
982 2506 1150 2546 utinam
1181 2517 1298 2546 coma
1328 2505 1448 2557 reyia
1477 2504 1582 2556 fiam

567 2575 797 2617 Proximus
828 2575 1053 2629 hydrochoi
1081 2575 1258 2628 fulyeret
1295 2574 1467 2617 Oarion.

393 2649 453 2689 Ao
483 2647 669 2700 primum
703 2647 849 2699 quaeri
881 2647 1017 2696 debet,
1052 2659 1159 2699 quae
1192 2647 1403 2687 sententia
1433 2646 1511 2686 hoc
1542 2645 1633 2686 loco
1666 2655 1808 2685 comae
1830 2643 1909 2684 tri-

274 2717 443 2758 buenda
483 2717 549 2758 sit.
612 2717 786 2759 Dixerat
827 2729 947 2760 coma
990 2729 1033 2758 se
1067 2717 1330 2765 discruciari,
1371 2716 1452 2757 etsi
1491 2715 1606 2756 sidus
1638 2714 1751 2755 facta
1782 2714 1909 2762 esset,

273 2800 373 2830 cum
406 2787 613 2839 cogitaret
647 2800 690 2829 se
723 2800 887 2841 semper
920 2799 944 2828 a
975 2787 1169 2828 dominae
1201 2787 1355 2828 vertice
1389 2786 1524 2827 afore:
