2013 3223
918 133 968 170 81

136 257 161 309 ἓ
196 261 260 298 30.
321 256 417 309 Ipse
438 256 654 296 Baehrens
689 255 877 296 concedit
910 247 1141 317 ‘tradendi'
1176 257 1349 298 verbum
1373 257 1501 298 etiam
1526 257 1757 320 ‘interdum

137 326 383 379 simpliciter
414 327 553 367 valere
584 327 763 376 nuptum
804 318 1060 374 conlocare'3
1102 327 1205 367 item
1246 328 1408 380 reliqua
1450 329 1651 369 vocabula
1687 341 1760 370 ne-

137 408 352 449 quaquam
385 396 434 437 de
466 396 649 437 romanis
681 397 849 436 tantum
880 397 1065 437 moribus
1099 397 1229 451 accipi
1261 397 1478 440 debebant.

891 659 995 711 IV.

252 758 346 798 Iam
392 758 497 799 illud
543 758 817 800 manifestum
877 760 941 799 est
988 759 1303 812 dispositionem
1350 760 1391 800 et
1440 760 1759 814 explicationem

133 841 276 869 rerum
310 831 740 881 argumentorumque
772 842 846 882 per
878 831 1016 870 totum
1049 842 1217 870 carmen
1248 830 1493 870 institutam
1530 843 1623 871 eam
1655 843 1759 880 esse,

135 900 185 940 ut
218 899 268 939 ad
302 911 500 951 graecum
534 899 703 951 aliquod
737 900 948 952 exemplar
988 899 1029 939 id
1061 899 1207 940 referri
1249 899 1418 949 debeat,
1458 913 1540 941 non
1580 902 1760 942 Alexan-

135 969 279 1010 drinae
313 970 476 1018 aetatis,
509 970 582 1010 sed
614 970 745 1022 ipsius
780 969 1051 1022 Sapphus,
1085 969 1195 1021 quod
1227 970 1387 1022 primus
1421 971 1660 1024 suspicatus
1694 973 1759 1012 est

132 1039 256 1080 1saac
286 1039 464 1080 Vossius
496 1040 538 1079 in
571 1039 666 1080 edit.
707 1052 744 1091 p.
789 1044 869 1080 189
914 1041 955 1080 et
994 1039 1376 1091 exploratissimum
1417 1042 1482 1081 est
1521 1041 1563 1083 C.
1604 1041 1760 1083 Alden-

133 1110 306 1159 hoveno,
340 1110 410 1162 qui
442 1110 483 1149 in
517 1121 692 1150 censura
723 1109 1080 1162 interpretationis
1112 1109 1360 1162 Heyseanae
1393 1110 1528 1152 denuo
1567 1124 1601 1153 a.
1645 1117 1757 1154 1889

132 1180 270 1221 editae
303 1180 542 1232 nuperrime
575 1179 617 1219 in
650 1180 754 1220 actis
786 1179 1122 1220 hebdomadariis
1155 1178 1242 1220 Die
1274 1179 1439 1220 Nation
1467 1186 1576 1223 1889
1610 1195 1647 1235 p.
1674 1188 1755 1224 747

132 1250 211 1291 hoc
244 1262 414 1291 carmen
445 1250 677 1290 nominavit
709 1249 788 1289 den
812 1248 1102 1300 prachtvollen
1143 1249 1482 1303 lVechselyesany
1514 1251 1587 1292 der
1617 1252 1758 1305 Jimy-

130 1320 244 1373 Zinye
274 1319 365 1360 und
395 1319 671 1372 Junyfhaucn
703 1333 772 1359 am
804 1319 1152 1370 Hochzezftabend,
1186 1320 1358 1361 wclclzer
1397 1334 1480 1361 uns
1521 1321 1587 1364 die
1629 1322 1758 1363 alter-

133 1389 385 1431 thilmlichen
403 1389 765 1440 BilderSapphos
796 1390 843 1430 in
875 1389 990 1430 ihrer
1022 1390 1243 1442 einfachen
1260 1390 1482 1432 Sclzenkeit
1511 1405 1583 1432 vor
1604 1393 1758 1445 Auyen

129 1460 262 1512 fethrt.
326 1461 517 1501 Iuventio
551 1461 661 1500 enim
693 1462 736 1514 et
767 1461 858 1513 ipsa
891 1461 1020 1501 oratio
1053 1463 1142 1501 tam
1184 1461 1402 1502 decentem
1443 1462 1759 1515 simplicitatem

131 1530 289 1572 habent
334 1532 581 1582 tantamque
621 1532 887 1570 venustatem
929 1533 970 1571 et
1011 1531 1246 1572 claritatem
1288 1532 1453 1585 placida
1496 1535 1585 1574 arte
1637 1546 1759 1575 orna-

131 1602 243 1650 tam,
276 1602 325 1641 ut
357 1601 521 1642 etiamsi
555 1613 660 1653 quae
695 1613 821 1654 supra
853 1601 1015 1642 firmavi
1046 1602 1288 1643 testimonia
1322 1603 1491 1655 originis
1526 1603 1757 1658 Sapphicae

132 1671 341 1720 deessent,
373 1671 529 1712 nemini
571 1671 744 1712 dubium
786 1684 875 1712 esse
917 1671 1086 1713 deberet
1130 1672 1345 1714 Catullum
1385 1686 1468 1714 non
1517 1675 1653 1715 solum
1695 1676 1759 1737 <in

131 1741 380 1782 universum
429 1743 622 1782 secutum
670 1753 760 1781 esse
809 1742 894 1782 sive
940 1742 1107 1795 Sappho
1155 1743 1239 1784 sive
1292 1756 1585 1797 quemcunque
1628 1746 1758 1787 alium

131 1813 301 1864 poetam
337 1803 576 1860 Graecum',
609 1813 657 1851 ut
688 1811 943 1852 Baehrensio
975 1812 1208 1862 videbatur,
1242 1813 1313 1854 sed
1347 1814 1390 1854 in
1423 1815 1598 1867 singulis
1632 1817 1757 1857 rebus

132 1883 177 1922 et
216 1881 352 1922 verbis
394 1893 417 1922 a
460 1881 620 1923 Graeca
665 1882 779 1934 poesi
819 1882 1010 1934 pendere.
1081 1884 1141 1923 Ac
1187 1883 1221 1923 si
1263 1886 1387 1925 antea
1426 1885 1635 1927 difficilius
1675 1886 1759 1927 fuit

134 1976 187 1980 —
222 1953 270 1992 ut
302 1951 391 1992 iure
423 1952 534 1992 idem
565 1953 745 2005 putabat
777 1977 830 1981 —
854 1952 1036 1994 iudicare
1061 1953 1110 1994 de
1136 1954 1266 1994 totius
1293 1955 1488 1996 carminis
1517 1957 1686 1997 consilio
1716 1958 1759 1998 et

130 2022 440 2075 compositione,
473 2035 584 2063 nuno
615 2023 655 2062 id
689 2023 917 2064 obtinuisse
950 2024 1053 2063 mihi
1076 2024 1227 2073 videor,
1260 2027 1308 2065 ut
1329 2027 1558 2078 utrumque
1582 2028 1757 2068 constet.

131 2091 366 2134 Consilium
398 2094 540 2134 autem
573 2093 662 2134 eius
695 2094 902 2142 carminis,
936 2094 1045 2146 quod
1078 2107 1159 2135 non
1193 2095 1244 2135 ad
1285 2107 1480 2136 verarum
1512 2097 1757 2150 nuptiarum

132 2175 260 2203 usum
309 2175 331 2203 a
374 2163 540 2204 Catullo
581 2176 828 2204 conversum
870 2163 999 2205 fuisse
1039 2164 1255 2206 Baehrens
1296 2167 1407 2207 recte
1449 2167 1759 2217 animadvertit,

131 2233 318 2285 eleganti
350 2233 502 2274 iudicio
536 2233 581 2275 O.
614 2234 796 2275 Ribbeck
829 2235 854 2275 l.
889 2248 921 2276 c.
953 2248 990 2288 p.
1025 2241 1106 2277 :327
1142 2236 1368 2289 appellavit
1399 2237 1491 2277 eine
1521 2238 1616 2278 rein
1644 2239 1756 2290 yric-

128 2302 291 2344 clzisclze
321 2302 482 2352 Studia
515 2303 875 2359 [vorzugsweise]
914 2305 1021 2345 nach
1063 2306 1196 2346 omem
1233 2305 1434 2359 Oriyinal
1470 2308 1544 2348 der
1574 2307 1756 2360 Sappho,

132 2374 205 2426 qui
237 2373 287 2414 de
320 2374 504 2415 oratione
539 2387 702 2427 quoque
734 2375 889 2416 ibidem
921 2389 957 2429 p.
993 2381 1074 2417 328
1119 2378 1213 2429 apte
1245 2377 1449 2419 iudicavit
1480 2378 1554 2419 der
1587 2377 1672 2419 Stil
1700 2379 1759 2420 ist

129 2443 300 2495 einfach
332 2444 425 2484 und
452 2444 577 2486 παίω
608 2445 728 2486 meist
759 2445 886 2487 kurzc
919 2445 1181 2499 Satzylieder
1212 2448 1637 2501 anemanderyerez'ht
1666 2449 1760 2490 und

126 2513 533 2566 yeyeoziibeo·9estellt‚
565 2515 758 2557 schlichte
792 2516 1023 2557 Gedaozlcen
1064 2517 1154 2557 und
1191 2516 1403 2559 lcindliche
1440 2518 1616 2569 Bilder,
1657 2519 1758 2560 aber

131 2596 211 2624 von
243 2583 503 2625 leuchtender
541 2585 750 2627 Klarheit
788 2587 879 2627 und
915 2586 1103 2639 Sclzdrfe.
1166 2590 1305 2641 Atque
1348 2589 1389 2630 id
1429 2602 1598 2643 poema,
1637 2591 1756 2631 cuius

130 2655 355 2695 consilium
387 2655 429 2696 in
463 2668 614 2697 scaena
645 2659 733 2698 tam
766 2660 947 2710 angusta
979 2660 1020 2699 et
1053 2659 1214 2699 actione
1235 2661 1325 2700 tam
1349 2660 1528 2713 simplici
1551 2661 1754 2710 consistit,

130 2725 262 2766 habet
296 2726 472 2778 aliquid,
516 2727 624 2779 quod
657 2729 890 2781 comparari
921 2728 1054 2781 possit
1085 2741 1182 2769 cum
1213 2730 1285 2770 illa
1319 2729 1586 2771 Goetheanae
1619 2732 1754 2784 poesis

129 2795 280 2845 indole,
315 2809 422 2849 quae
454 2810 536 2838 non
569 2797 620 2838 ad
660 2798 864 2851 imagines
907 2799 1140 2840 multarum
1178 2812 1320 2840 rerum
1362 2800 1639 2853 effingendas‚
1681 2800 1755 2842 sed

203 2875 236 2901 W
246 2883 260 2902 e
268 2876 285 2902 b
295 2883 309 2902 e
318 2885 330 2902 r
338 2897 344 2907 ,
365 2876 556 2908 Quaestiones
571 2877 762 2904 Catullianne.
1451 2871 1470 2904 G
