2013 3223
835 148 917 184 129

298 269 385 311 Nec
415 272 605 310 sanctam
636 268 813 310 violasse
842 270 977 320 fidem,
1009 284 1083 311 nec
1113 271 1276 322 foedere
1306 272 1354 312 in
1386 272 1472 313 ullo

358 339 512 381 Divom
543 339 603 380 ad
629 338 841 391 fallendos
873 341 1047 380 numine
1078 341 1258 380 abusum
1288 342 1484 389 homines,

64 410 168 451 adde
202 423 234 451 c.
266 410 403 452 XCVI
436 416 481 458 3,
525 410 574 450 de
608 422 688 462 quo
720 410 808 450 loco
848 423 958 451 nunc
989 410 1111 457 i-›lura
1153 410 1395 451 disserenda
1428 413 1539 451 sunt.
1602 411 1685 453 Sed

63 482 202 521 totum
238 481 280 521 id
320 481 557 533 poemation
595 480 705 520 inter
742 492 877 532 pauca
910 480 1154 521 admirabile
1197 482 1238 521 et
1281 493 1329 521 ex
1366 481 1513 522 intimo
1546 482 1684 522 animo

63 553 209 604 poetae
242 551 464 592 oriundum
495 551 563 591 hio
595 550 838 591 exhibemus
872 550 1104 591 secundum
1138 550 1353 591 Schwabei
1386 551 1634 592 editionem:

301 619 350 661 Si
382 620 606 672 quicquam
638 619 789 660 muteis
818 623 988 672 qratum
1021 623 1281 670 acceptumve
1313 619 1518 671 sepulcris

357 691 559 732 Accidere
591 704 618 730 a
648 692 799 739 nostro,
834 688 971 738 Calve,
1004 689 1142 730 dolore
1165 693 1311 741 potest,

302 761 390 814 Quo
423 761 631 802 desiderio
661 763 812 800 veteres
842 772 1092 800 renovamus
1124 772 1286 800 amores

359 832 498 884 Atque
529 831 628 872 olim
659 831 814 871 missas
843 830 993 880 flemus
1027 830 1254 879 amicitias,

243 908 266 944 5
303 901 420 943 Certe
452 915 535 942 non
565 905 681 942 tanto
714 914 825 942 mors
859 901 1088 941 immatura
1121 900 1316 941 dolorcist

361 971 599 1024 Quintiliae
632 974 837 1023 quantum
866 971 1020 1023 gaudet
1051 983 1193 1011 amore
1224 973 1305 1011 tuo.

62 1043 112 1084 Id
144 1045 288 1084 autem
320 1055 488 1084 carmen
520 1055 602 1082 uno
644 1044 686 1082 et
727 1042 922 1082 continuo
955 1041 1177 1081 verborum
1217 1041 1394 1082 circuitu
1426 1042 1687 1083 circumscri-

62 1114 187 1162 bitur,
220 1113 330 1166 quod
364 1113 398 1153 si
430 1115 541 1153 recte
573 1113 815 1164 intellegere
838 1112 1042 1153 volumus
1076 1111 1258 1151 mediam
1291 1112 1487 1152 orationis
1520 1114 1685 1165 partem

62 1184 246 1237 primum
277 1184 433 1224 intueri
465 1186 639 1236 oportet.
702 1182 817 1233 Quae
850 1194 946 1235 pars
980 1183 1124 1222 utrum
1158 1194 1253 1222 cum
1286 1182 1490 1234 prioribus
1523 1182 1685 1223 duobus

62 1254 251 1295 versibus
286 1261 306 1295 1
343 1256 384 1295 et
418 1259 441 1294 2
485 1266 537 1294 an
570 1266 667 1295 cum
698 1253 899 1306 proximis
934 1258 956 1294 5
991 1255 1032 1293 et
1067 1258 1088 1294 6
1131 1252 1264 1292 artius
1297 1252 1492 1305 coniungi
1524 1252 1684 1302 debeat,

62 1324 288 1377 unicuique
322 1325 567 1372 constiterit,
601 1324 673 1376 qui
707 1325 915 1375 quantum
939 1321 1142 1373 Quintilia
1177 1324 1375 1363 renovato
1409 1334 1549 1363 amore
1582 1323 1686 1363 ami-

62 1395 270 1447 citiaeque
301 1395 503 1435 memoria
536 1394 823 1446 redintegrata
856 1393 1037 1445 gaudere
1071 1392 1235 1433 dicatur
1267 1392 1470 1433 attendat.
1512 1394 1571 1433 Ac
1603 1393 1686 1446 pri-

62 1478 180 1505 mum
203 1465 383 1517 quidem,
416 1466 495 1506 etsi
528 1465 694 1505 disertis
718 1465 854 1504 verbis
889 1464 985 1504 alibi
1017 1476 1098 1503 non
1132 1464 1402 1511 memoratur,
1435 1461 1684 1512 Quintiliam

62 1547 170 1588 quae
211 1536 278 1576 hic
318 1536 560 1576 nominatur
593 1534 711 1576 Calvi
755 1546 925 1575 uxorem
964 1533 1112 1581 fuisse,
1160 1535 1302 1573 tamen
1343 1535 1385 1573 et
1422 1533 1499 1573 hoc
1530 1545 1684 1573 nomen

62 1618 220 1655 verum,
251 1618 334 1646 non
354 1606 501 1647 fictum
524 1618 613 1646 esse
638 1604 835 1646 Schwabe
858 1605 945 1644 iure
970 1603 1185 1644 contendit
1217 1605 1270 1652 et,
1304 1602 1411 1655 quod
1436 1603 1683 1644 conveniens

62 1677 128 1717 est
159 1675 365 1729 Propertii
396 1676 634 1717 testimonio
665 1675 709 1716 Π
733 1680 799 1722 34,
823 1680 876 1716 89
890 1686 951 1726 sq.
975 1674 1023 1714 de
1057 1674 1312 1715 carminibus
1346 1674 1510 1723 amoris,
1544 1674 1686 1726 qualia

60 1759 158 1787 cum
192 1747 262 1787 alii
295 1747 554 1800 scripserunt
584 1747 677 1786 tum

298 1816 418 1858 Haec
450 1817 575 1857 etiam
608 1816 716 1857 docti
748 1815 935 1867 confessa
967 1817 1027 1854 est
1054 1813 1218 1866 payina
1254 1811 1387 1863 Calvi,

360 1885 465 1928 Cum
497 1889 662 1928 caneret
692 1886 871 1926 miserae
901 1884 1057 1936 funera
1091 1882 1346 1936 Quintiliae,

60 1957 103 1998 id
136 1958 302 1998 omnino
334 1958 546 2011 probabile
580 1970 669 1998 esse
703 1957 919 1997 Baehrens
960 1969 998 2009 p.
1032 1961 1111 1997 581
1150 1954 1476 2001 demonstravit;
1525 1955 1685 1995 certam

61 2040 151 2069 rem
191 2040 282 2069 esse
314 2029 436 2069 Riese
479 2029 589 2069 ultro
623 2028 816 2081 sumpsit.
880 2027 984 2067 Vide
1017 2027 1235 2079 praeterea
1269 2036 1375 2077 quae
1410 2024 1457 2064 B.
1492 2023 1684 2065 Schmidt

60 2098 104 2138 in
135 2099 289 2152 proleg.
320 2112 358 2152 p.
379 2099 476 2139 LIV
500 2099 708 2140 disseruit.
774 2097 854 2138 Sed
888 2096 1047 2138 accedit
1079 2096 1178 2136 huic
1210 2095 1443 2136 sententiae
1477 2095 1579 2135 satis
1613 2107 1684 2135 va-

60 2168 194 2209 lidum
227 2169 459 2211 subsidium
491 2181 539 2210 ex
570 2170 658 2222 ipso
690 2169 767 2209 hoc
801 2167 1038 2210 Catulliano
1074 2166 1268 2207 carmine.

178 2238 229 2280 In
261 2252 384 2280 versu
418 2246 441 2281 3
476 2239 602 2280 codex
627 2238 667 2280 G
697 2239 870 2292 praebet
905 2231 1047 2300 (quo'‚
1084 2235 1118 2277 Ο
1145 2227 1279 2298 tque’⁹
1312 2235 1422 2276 unde
1456 2235 1521 2276 vel
1558 2227 1679 2297 ‘quo'

61 2309 128 2350 vel
162 2301 273 2372 ‘qui'
313 2301 446 2370 ‘quei'
482 2310 606 2362 vulgo
648 2310 691 2350 in
735 2311 855 2350 textu
888 2309 1114 2361 reponitur.
1176 2309 1236 2347 Ac
1268 2306 1403 2347 verbis
1441 2318 1542 2366 tquo
1576 2305 1684 2346 desi-

60 2373 193 2420 derio'
230 2381 489 2433 compensari
519 2393 601 2421 non
632 2392 752 2433 posse
784 2380 996 2420 notionem
1033 2368 1220 2439 ‘doloris'
1257 2377 1359 2417 satis
1393 2378 1513 2417 acute
1547 2375 1684 2417 Baeh-

59 2462 157 2491 rens
179 2463 217 2503 p.
241 2455 324 2492 580
346 2450 568 2498 indicavit;
601 2451 740 2504 potius
777 2439 1021 2512 ‘desiderio'
1067 2449 1108 2488 et
1148 2447 1330 2488 lacrimis
1373 2445 1448 2500 (=
1468 2437 1681 2508 (flemus')

60 2519 131 2560 ille
163 2520 278 2561 dolor
310 2521 510 2574 expletur.
574 2520 656 2562 Sed
687 2533 823 2573 neque
866 2519 988 2560 lectio
1024 2509 1149 2580 ‘quo'
1183 2530 1319 2570 neque
1357 2509 1465 2577 ‘qui'
1517 2516 1683 2568 probari

61 2591 211 2643 potest.
272 2590 326 2630 Et
358 2591 552 2643 opinatur
572 2591 788 2632 Baehrens
821 2603 858 2643 p.
883 2595 962 2631 581
998 2590 1178 2642 poetam,
1211 2600 1306 2628 cum
1336 2587 1472 2640 prima
1503 2597 1682 2639 persona

60 2660 235 2713 pluralis
277 2661 442 2701 numeri
482 2661 523 2701 in
556 2674 592 2701 v.
626 2665 648 2701 2
690 2662 732 2701 et
765 2666 788 2702 3
832 2662 874 2700 et
907 2665 931 2699 4
973 2660 1142 2706 utatur,
1190 2657 1439 2710 superstites
1483 2656 1681 2707 vivosque

58 2730 227 2771 omnino
258 2731 434 2771 mortuis
457 2743 674 2784 opponere,
706 2743 789 2771 non
812 2742 854 2770 se
879 2731 920 2769 et
943 2728 1133 2776 Calvum,
1169 2738 1428 2780 quamquam
1461 2725 1684 2777 subsequi-

60 2801 132 2841 tur
164 2802 310 2843 statim
341 2802 590 2843 vocabulum
634 2793 816 2864 cnostro'
863 2799 1057 2840 allocutio
1093 2790 1273 2860 cCalve'.
1337 2796 1438 2845 Sed,
1483 2795 1683 2848 quoniam

133 2882 167 2907 W
177 2889 191 2908 e
202 2883 218 2907 b
229 2889 244 2908 e
254 2890 266 2908 r
276 2902 283 2912 ,
304 2881 497 2913 Quaestiones
517 2882 708 2908 Catullianae.
1379 2866 1399 2899 9
