2013 3223
887 147 938 183 99

68 281 70 283 ’
97 268 315 311 NJahrb.
338 275 430 310 111.
451 273 576 311 1875.
596 282 634 322 p.
654 274 736 312 853
751 282 810 322 sq.
829 269 989 310 Ztschr.
1010 269 1353 323 f.d.Gymn.-W
1377 277 1486 314 1878
1504 286 1543 325 p.
1561 278 1644 315 496
1658 286 1718 327 sq.

98 338 338 381 Jahresber.
381 338 450 379 des
480 338 590 390 phil.
643 339 816 380 Vereins
857 340 924 380 III
964 353 1001 393 p.
1041 345 1137 382 243.
1181 340 1266 381 VH
1306 355 1344 394 p.
1383 347 1466 383 363
1480 344 1577 395 sq.)‚
1626 356 1719 385 eam

98 422 268 451 causam
314 409 374 449 ita
422 409 529 461 agit,
576 411 624 449 ut
660 410 868 450 unitatem
906 411 971 451 vel
1017 411 1098 451 hac
1133 411 1291 451 librarii
1332 423 1456 465 opera
1498 415 1718 465 tamquam

96 480 206 520 iusto
237 480 477 520 testimonio
501 480 604 520 satis
628 480 918 520 confirmatam
951 481 1127 521 carmini
1158 481 1351 531 vindicet,
1385 484 1436 523 ab
1469 483 1718 525 adversariis

98 552 240 592 autem
288 551 537 602 argumenta
582 549 633 590 ad
680 549 947 591 refutandam
992 551 1110 591 illam
1154 552 1496 604 superstitionem
1534 554 1720 606 postulet

97 620 164 674 (cf.
195 619 250 661 N.
283 619 433 661 Jahrb.
476 626 555 661 111
599 633 637 673 p.
671 621 784 673 849).
843 621 934 661 Hac
974 623 1120 662 autem
1163 621 1205 661 in
1244 634 1288 662 re
1329 634 1412 662 non
1444 623 1719 665 iniucundum

97 692 162 732 est
191 700 372 739 monere,
404 691 446 730 in
479 690 618 731 codice
651 691 694 731 M
727 692 964 744 nuperrime
997 692 1147 732 collato
1180 692 1320 732 versui
1354 698 1404 733 41
1449 693 1615 745 signum
1651 685 1714 755 tx'

97 761 288 802 additum
322 773 430 810 esse,
472 774 552 813 quo
594 762 691 802 novi
724 762 918 803 carminis
951 763 1120 802 initium
1153 764 1336 803 notatur.
1399 763 1518 814 Quod
1552 765 1719 816 signum

96 844 117 872 e
149 831 286 872 codice
319 831 357 870 V
390 834 605 885 recept-um
638 832 765 873 fuisse
798 833 886 873 iure
920 833 1137 873 contendit
1167 833 1219 873 K.
1251 832 1295 873 P.
1330 833 1506 875 Schulze
1539 833 1719 875 Hermes

98 906 210 944 1888
242 915 280 954 p.
315 907 409 943 587.

214 971 294 1012 Sed
329 973 524 1024 quoniam
565 973 808 1013 testimonia
840 973 1004 1021 desunt,
1046 975 1201 1014 neutra
1234 973 1493 1025 litigantium
1525 986 1621 1026 pars
1655 987 1720 1015 ar-

95 1042 307 1096 gumentis
339 1043 381 1082 in
413 1043 492 1082 hac
524 1055 652 1083 causa
685 1055 824 1084 carere
856 1045 1009 1096 potest.

211 1115 270 1154 Ac
317 1113 404 1153 iure
450 1125 523 1153 suo
578 1113 908 1154 dubitationibus
957 1125 1063 1166 quae
1107 1114 1156 1154 (10
1198 1114 1360 1154 unitate
1400 1115 1587 1167 prolatae
1621 1118 1720 1156 sunt

92 1183 158 1224 Fr.
203 1183 345 1224 Sch‘o'll
389 1181 443 1223 N.
489 1182 640 1224 Jahrb.
694 1190 771 1225 121
823 1197 860 1237 p.
909 1189 1067 1236 47lsq.
1116 1185 1226 1225 locos
1275 1184 1479 1236 quosdam
1527 1186 1720 1238 opposuit

93 1255 272 1295 maxime
305 1254 347 1294 in
379 1254 496 1294 initio
529 1255 725 1295 carminis
759 1259 800 1295 et
831 1255 873 1294 in
906 1256 1018 1295 exitu
1052 1256 1125 1308 (=
1150 1268 1183 1295 v.
1209 1255 1456 1308 149—160)
1492 1257 1717 1305 exstantes,

95 1337 198 1377 quos
241 1325 350 1365 inter
391 1337 433 1365 se
465 1325 525 1364 ita
556 1324 702 1365 referri
734 1325 917 1373 monuit,
961 1328 1008 1365 ut
1040 1325 1266 1377 unicuique
1300 1338 1394 1366 vere
1427 1326 1636 1378 philologo
1669 1338 1718 1367 ea

94 1407 160 1436 res
192 1395 377 1435 iudicata
410 1397 451 1435 et
483 1396 697 1448 explorata
731 1408 820 1436 esse
854 1395 1035 1436 deberet.
1098 1398 1158 1436 Ac
1191 1395 1457 1437 verissimum
1491 1398 1555 1436 est
1587 1409 1719 1437 unum

95 1478 184 1507 0880
218 1477 406 1513 carmen,
446 1465 516 1505 sed
550 1466 811 1518 tripertitum
844 1466 908 1506 vel
939 1466 1081 1519 potius
1115 1466 1382 1518 bipertitum,
1425 1466 1544 1506 cuius
1577 1468 1719 1519 partes

94 1536 306 1576 artissima
347 1535 655 1576 necessitudine
694 1537 892 1576 tenentur
923 1548 1059 1588 neque
1094 1536 1205 1576 inter
1237 1548 1279 1576 se
1314 1536 1497 1589 disiungi
1528 1538 1716 1589 possunt.

95 1605 177 1647 Sed
209 1606 281 1658 qui
312 1606 520 1646 mirantur
552 1619 647 1647 cum
679 1606 932 1658 Kiesslingio
965 1607 989 1646 1.
1024 1619 1054 1646 c.
1088 1619 1125 1659 p.
1161 1611 1224 1655 13,
1259 1606 1368 1658 quod
1403 1605 1559 1647 Catulli
1591 1607 1719 1647 inter-

92 1678 231 1730 pretes
272 1676 523 1717 recentiores
565 1689 709 1717 omnes
748 1676 831 1717 fere
873 1689 1041 1718 carmen
1079 1676 1307 1738 ⁸dissecare
1343 1688 1469 1728 quam
1514 1679 1624 1717 recte
1657 1677 1720 1717 111-

93 1747 290 1800 tellegere
331 1739 607 1795 maluerunt',
654 1748 744 1788 iure
786 1748 1014 1789 mirantur.
1063 1747 1290 1788 dummodo
1323 1747 1426 1787 illud
1467 1748 1720 1788 concedatur

94 1818 222 1858 etiam
257 1830 325 1858 eos
359 1817 431 1870 qui
462 1817 511 1858 de
554 1818 717 1858 unitate
751 1817 1052 1858 dubitaverunt
1091 1818 1341 1869 argumenta
1372 1819 1522 1870 parata
1553 1817 1719 1866 habere,

95 1900 201 1940 quae
234 1887 473 1929 defensores
504 1888 565 1928 illi
597 1889 664 1928 vix
687 1888 924 1928 dissolvisse
957 1887 1193 1928 videantur.
1255 1887 1428 1927 Dudum
1462 1887 1502 1927 id
1526 1888 1719 1928 constare

94 1958 198 1999 dixit
231 1957 277 2000 Ο.
309 1958 470 1999 Franke
502 1959 545 1998 in
579 1959 676 1999 diss.
711 1958 941 2012 Gryphisw.
975 1971 1010 1998 a.
1046 1963 1160 2000 1866
1197 1958 1258 1998 ed.
1291 1971 1327 2011 p.
1362 1962 1413 1998 21
1449 1969 1526 1998 1100
1557 1957 1607 1998 (10
1640 1958 1719 1999 hac

92 2041 137 2070 re
167 2030 358 2083 pluribus
380 2029 516 2070 verbis
540 2042 642 2082 opus
676 2031 712 2070 ei
745 2029 974 2070 videbatur.
1020 2029 1100 2069 Sed
1134 2029 1211 2069 hoc
1243 2029 1353 2069 certe
1387 2029 1552 2068 constat
1573 2039 1719 2081 reapse

94 2111 187 2141 eam
209 2102 554 2152 argumentorum
586 2100 671 2140 vim
704 2112 778 2153 per
801 2112 844 2140 se
867 2112 949 2140 11011
972 2100 1076 2140 satis
1111 2099 1293 2139 validam
1325 2097 1455 2139 fuisse
1479 2098 1530 2138 ad
1553 2110 1719 2138 omnem

93 2171 390 2223 cogitationem
413 2170 462 2212 de
486 2171 798 2212 necessitudine
823 2170 1005 2223 quadam
1029 2171 1140 2210 inter
1162 2170 1239 2210 has
1270 2170 1412 2222 partes
1444 2168 1721 2209 intercedenti

94 2240 401 2282 secludendam.
463 2239 677 2293 Quidquid
709 2241 820 2282 enim
853 2243 996 2281 contra
1029 2240 1190 2281 dictum
1223 2240 1298 2288 est,
1330 2239 1489 2279 mansit
1520 2238 1605 2279 fere
1629 2250 1720 2279 esse

94 2311 252 2364 aliquid
285 2323 504 2352 commune
536 2311 601 2352 his
636 2311 901 2359 carminibus,
940 2313 988 2351 ut
1021 2310 1067 2352 Ο.
1100 2309 1286 2351 Ribbeck
1318 2321 1464 2350 earum
1496 2308 1721 2349 dubitatio-

91 2394 196 2423 num
236 2382 397 2422 ratione
439 2381 583 2422 habita
623 2394 672 2423 ea
704 2382 890 2423 carmina
921 2382 946 2421 1.
979 2394 1010 2422 0.
1045 2381 1102 2421 810
1136 2380 1377 2433 descripsit:
1421 2379 1489 2420 ein
1520 2378 1718 2431 Eleqien·

84 2464 224 2504 paar,
264 2451 453 2493 walchem
490 2452 559 2493 ein
595 2452 791 2504 yemisser
829 2451 990 2493 idealer
1023 2449 1399 2502 Zusammenhany
1431 2449 1560 2490 haum
1592 2449 1719 2491 abeu-

92 2521 293 2576 sprechen
323 2521 390 2563 ist.
452 2521 613 2563 Verum
647 2523 843 2575 quoniam
875 2523 917 2562 in
949 2521 1294 2575 interpretatione
1327 2522 1370 2561 et
1406 2520 1448 2561 in
1480 2520 1720 2561 recensione

93 2593 220 2635 huius
265 2593 461 2635 carminis
502 2593 723 2646 hucusque
767 2592 974 2645 quaedam
1006 2592 1155 2633 relicta
1197 2593 1317 2641 sunt,
1366 2602 1472 2643 quae
1510 2590 1720 2632 unitatem

92 2664 269 2713 tollunt,
310 2675 334 2704 a
364 2663 620 2705 Baehrensio
662 2665 705 2704 in
746 2676 892 2705 comm.
925 2676 962 2716 p.
997 2667 1152 2714 502sq.
1194 2662 1390 2710 collecta,
1429 2661 1510 2702 nisi
1550 2661 1615 2702 his
1653 2660 1719 2701 vel

94 2733 413 2776 difficultatibus
452 2734 518 2775 vel
550 2734 760 2775 erroribus
792 2734 962 2775 remotis
994 2744 1208 2785 nusquam
1247 2733 1295 2772 ut
1334 2731 1393 2773 ait
1423 2731 1603 2774 Plautus
1637 2731 1721 2771 sta-

92 2805 285 2846 bulumst
317 2803 601 2846 confidentiae.

1395 2884 1403 2905 4
1420 2872 1436 2889 2
