2013 3223
876 131 958 171 135

345 253 406 294 Et
435 257 523 295 tum
554 255 732 307 mirifice
763 256 959 307 sperabat
991 268 1032 297 se
1063 268 1149 297 esse
1181 255 1370 306 locutum,

401 322 508 365 Cum
540 327 746 377 quantum
770 328 941 377 poterat
974 326 1144 367 dixerat
1175 326 1405 367 hinsz'dias.

102 394 177 435 ubi
207 395 343 435 notari
365 395 488 436 debet
520 395 626 436 illud
662 387 810 452 ‘tum’‚
844 397 953 437 sicut
985 397 1027 437 in
1049 397 1267 437 LXXXVI
1290 403 1327 446 5,
1360 409 1443 437 non
1475 397 1527 437 ad
1559 398 1727 451 tempus

102 465 329 517 pertinere,
371 464 442 506 sed
475 465 527 505 ad
558 465 689 518 ipsius
723 466 899 507 actionis
934 468 1095 507 sta-tum
1137 467 1179 507 et
1219 466 1331 507 idem
1363 479 1473 516 esse,
1518 467 1630 519 quod
1663 469 1728 508 est

107 546 175 595 ‘ea
207 526 286 584 ΓΘ),
321 547 387 596 cea
420 527 626 583 actione’3
660 535 922 577 demonstrat
954 537 1065 577 enim
1100 528 1237 598 ‘tum'
1273 549 1438 590 semper
1469 549 1562 578 eam
1593 538 1729 578 notio-

102 616 220 653 nem,
266 604 308 644 in
341 617 468 656 quam
509 606 681 646 alterius
725 607 899 647 actionis
942 607 1187 647 coniunctae
1228 606 1342 647 notio
1385 608 1434 647 ut
1466 620 1562 648 cum
1595 608 1728 648 altera

101 675 371 726 congruentis
405 687 579 727 eamque
613 675 829 717 efficientis
862 676 953 729 ipsa
985 676 1112 717 simul
1142 676 1300 717 incidit.

223 815 439 856 Accedunt
471 816 542 856 alii
574 816 664 865 loci,
696 816 739 856 in
772 817 922 868 quibus
956 829 1004 857 ea
1036 818 1275 869 temporum
1308 817 1541 869 aequalitas
1573 817 1726 870 paulu-

102 885 195 926 lum
234 886 397 926 variata
436 888 611 939 apparet
651 886 717 927 vel
758 886 938 935 deflexa,
981 887 1055 927 sed
1095 886 1241 927 eadem
1283 899 1326 928 re
1368 899 1466 928 vera
1505 889 1569 929 est
1610 888 1729 937 ratio,

102 967 210 1008 quae
243 956 326 997 illis
358 956 460 998 locis
492 956 614 997 modo
654 957 882 997 nominatis
917 957 1088 998 obtinet.
1151 956 1303 1006 Verba,
1338 970 1445 1009 quae
1477 960 1642 1010 Aegeus
1676 957 1729 998 ad

101 1025 263 1068 Thesea
294 1026 629 1080 proficiscentem
651 1027 802 1079 derigit
834 1027 877 1067 in
909 1040 942 1068 c.
964 1026 1102 1067 LXIV
1128 1032 1210 1069 236
1224 1039 1297 1080 sq„
1330 1028 1388 1068 sic
1421 1027 1532 1081 apud
1562 1027 1728 1069 Schwa-

102 1097 229 1138 beum
261 1098 450 1138 exstant:

338 1167 476 1219 Quam
497 1166 691 1218 primum
723 1179 896 1208 cernens
926 1170 973 1207 ut
1007 1166 1117 1208 laeta
1145 1167 1311 1220 gaudia
1343 1170 1476 1208 mente

338 1236 586 1289 Aynosoam,
619 1250 712 1277 cum
743 1240 780 1278 te
810 1237 1001 1278 reducem
1035 1240 1154 1278 aetas
1179 1250 1389 1289 prospera
1420 1237 1546 1279 sistet.

100 1308 154 1349 In
184 1307 249 1348 his
277 1299 429 1368 ‘aetas'
465 1308 581 1349 nullo
613 1307 736 1348 modo
770 1310 881 1349 recte
904 1308 1094 1361 intellegi
1126 1310 1279 1362 potest.
1341 1308 1433 1349 Iam
1467 1320 1727 1361 quamquam

103 1379 214 1420 recte
237 1378 452 1419 Baehrens
476 1378 577 1418 dicit
608 1378 651 1418 in
674 1379 974 1419 commentario
998 1379 1047 1420 de
1080 1379 1158 1420 hoc
1189 1379 1300 1420 loco:
1339 1378 1566 1440 (quomodo
1589 1380 1725 1420 terrae

102 1449 263 1502 patriae
286 1461 383 1489 eum
414 1460 613 1501 reponere
645 1450 779 1502 possit
802 1451 930 1498 aetas,
964 1449 1189 1490 obscurum
1212 1441 1313 1498 est‘‚
1346 1461 1393 1490 ea
1425 1451 1568 1490 tamen
1591 1449 1726 1502 opinio

102 1531 187 1572 qua
226 1519 378 1560 ductus
417 1519 520 1559 haec
563 1518 701 1559 addit:
757 1531 851 1581 cnec
893 1520 975 1560 coit
1008 1532 1103 1560 cum
1135 1519 1212 1560 tali
1245 1520 1558 1573 circumscripto
1592 1520 1726 1573 spatio

101 1590 287 1642 longiore
310 1602 387 1630 vox
400 1602 623 1642 prospera,
658 1602 762 1642 quae
786 1590 828 1630 in
861 1590 996 1631 solum
1028 1590 1187 1630 reditus
1211 1590 1322 1631 diem
1345 1582 1558 1642 quadrat'‚
1590 1590 1728 1631 virum

101 1660 274 1702 doctum
314 1660 363 1701 de
402 1660 468 1701 via
511 1660 695 1701 abduxit.
763 1659 972 1711 Quoniam
1016 1660 1236 1722 creducem
1278 1651 1445 1702 sistere'
1491 1660 1603 1701 idem
1635 1672 1726 1701 esse

102 1730 214 1783 quod
255 1732 320 1771 est
363 1730 635 1792 tincolumem
667 1722 884 1771 reducere'
927 1731 1005 1771 loci
1038 1743 1061 1771 a
1093 1731 1349 1772 Baehrensio
1382 1731 1499 1772 allati
1532 1732 1726 1783 arguunt,

100 1801 213 1842 illius
245 1801 393 1854 prioris
425 1801 602 1841 membri
635 1801 844 1841 sententia
876 1800 1114 1842 declaratur
1145 1801 1425 1853 definiturque
1465 1803 1507 1842 et
1538 1803 1725 1855 tempore

101 1873 146 1913 et
176 1884 220 1913 re
254 1871 470 1912 enuntiato
504 1870 750 1911 secundario
782 1883 856 1924 per
883 1862 1020 1932 ‘cum'
1057 1883 1220 1912 conexo.
1283 1870 1404 1921 Quod
1436 1884 1532 1913 vero
1565 1871 1725 1913 codices

102 1941 141 1984 G
174 1943 216 1983 et
246 1942 282 1983 D
323 1954 407 1983 non
447 1942 569 1995 plane
604 1941 853 1982 dimiserunt
892 1942 1139 1982 memoriam
1179 1942 1368 1983 lectionis
1408 1941 1555 1982 sistent
1586 1942 1628 1982 in
1661 1954 1727 1983 co-

101 2012 191 2054 dice
224 2012 262 2053 V
296 2012 508 2065 quondam
541 2014 730 2053 servatae
774 2011 822 2053 cf.
857 2024 963 2064 quae
997 2024 1124 2065 supra
1155 2025 1194 2065 p.
1229 2017 1281 2054 56
1296 2024 1355 2064 sq.
1389 2011 1500 2053 dicta
1533 2014 1652 2061 sunt,
1684 2011 1726 2053 id

101 2084 243 2124 movet
274 2095 341 2124 me
374 2084 422 2123 ut
453 2083 668 2124 lenissima
700 2082 864 2124 medela
898 2082 1085 2123 adhibita
1109 2082 1376 2124 scribendum
1408 2095 1498 2124 esse
1531 2095 1726 2124 censeam

101 2153 214 2194 hunc
244 2166 412 2194 versum
445 2153 527 2194 sic:

379 2255 388 2263 .
421 2255 442 2272 .‚
475 2236 567 2263 cum
598 2225 635 2263 te
666 2222 857 2263 reducem
890 2225 985 2263 acta
1013 2235 1221 2274 prospera
1252 2222 1410 2263 sistent.

101 2293 296 2336 Catullus
329 2295 472 2335 autem
503 2293 765 2346 frequentius
800 2306 928 2346 quam
961 2294 1080 2334 bonis
1121 2294 1255 2347 poetis
1287 2294 1447 2347 placuit
1478 2294 1624 2334 breves
1656 2306 1726 2334 vo-

100 2365 212 2406 cales
244 2364 389 2406 finales
421 2365 742 2417 insequentibus
776 2364 967 2406 consonis
990 2365 1096 2405 binis
1120 2364 1326 2418 produxit,
1360 2376 1488 2417 quam
1510 2364 1725 2405 licentiam

101 2435 214 2489 apud
245 2435 457 2477 Romanos
498 2436 758 2476 rarissimam
799 2437 943 2476 tamen
985 2447 1068 2475 non
1100 2435 1142 2475 in
1175 2435 1258 2476 arsi
1290 2437 1459 2476 tantum
1493 2434 1565 2476 sed
1598 2435 1726 2476 etiam

99 2506 145 2547 in
184 2506 295 2547 thesi
335 2508 462 2558 atque
506 2506 635 2547 etiam
676 2506 890 2547 collocatis
932 2505 976 2545 in
1016 2505 1133 2546 initio
1176 2506 1291 2547 verbi
1330 2507 1450 2546 muta
1491 2507 1533 2546 et
1564 2505 1725 2558 liquida

101 2576 289 2618 adhiberi
329 2578 473 2617 auctor
515 2578 578 2617 est
609 2576 654 2616 L.
686 2577 839 2617 Miiller
880 2576 928 2616 de
966 2588 998 2616 r.
1030 2589 1083 2616 m.
1114 2589 1153 2629 p.
1187 2581 1268 2617 319
1284 2588 1344 2628 sq.
1405 2575 1498 2616 Iam
1536 2575 1571 2616 si
1616 2576 1726 2617 inter

100 2647 291 2700 exempla
338 2645 579 2688 Catulliana
634 2647 854 2699 hucusque
910 2648 1075 2699 reperta
1124 2647 1290 2687 nullum
1342 2647 1470 2687 habet
1519 2646 1562 2686 in
1615 2646 1725 2688 thesi

98 2717 349 2771 productam
394 2717 564 2758 finalem
612 2719 708 2758 ante
755 2720 920 2758 mutam
969 2729 1065 2757 cum
1110 2717 1271 2769 liquida
1321 2716 1371 2758 cf.
1410 2717 1436 2757 1.
1477 2729 1509 2758 c.
1556 2729 1594 2770 p.
1629 2722 1725 2765 320,

99 2786 230 2840 praef.
276 2786 367 2829 Cat.
419 2801 456 2841 p.
503 2787 747 2837 LXXVIII,
794 2789 937 2828 tamen
985 2787 1184 2840 quoniam
1232 2799 1281 2828 ea-
1327 2787 1498 2828 lieentia
1545 2799 1569 2827 a
1615 2786 1726 2827 thesi
