2013 3223
880 156 957 192 161

228 277 322 318 Iam
355 278 390 318 si
423 277 615 319 Catullus
647 278 690 318 in
723 291 755 319 c.
787 278 848 318 XI
882 284 1006 330 2sqq.
1040 278 1160 319 dicit:

488 347 587 389 Sive
618 348 666 388 in
695 350 896 388 extremos
920 347 1161 399 penetrabit
1192 346 1334 396 Indos,

486 416 612 457 Litus
642 420 690 457 ut
723 416 836 469 lonye
867 420 1088 458 resonante
1119 416 1213 457 an

552 486 769 527 Tunditur
798 487 917 527 unda

113 571 210 600 cum
240 557 366 598 Indos
406 557 616 606 nominat,
656 557 760 598 item
791 580 849 586 —
882 557 1017 610 qualis
1060 559 1124 598 est
1167 569 1311 598 eorum
1354 556 1460 597 situs
1501 556 1608 596 mari
1640 556 1763 596 vici--

112 641 193 670 nus
226 651 281 657 -
314 627 402 668 eius
443 627 626 668 notionis
676 624 836 683 ‘Indos’
885 627 1169 668 condicionem
1210 627 1354 673 notat;
1401 625 1496 666 inde
1536 623 1618 682 ‘ut‘
1665 638 1741 679 per

111 711 315 740 conexum
346 697 493 750 recipit
524 697 701 738 localem
724 698 819 746 vim,
853 710 902 738 ex
934 697 1089 750 origine
1122 696 1314 738 vocabuli
1346 695 1576 737 oriundam.
1624 696 1740 737 Alios

110 769 202 810 eius
235 779 338 808 usus
371 767 482 808 locos
514 766 731 808 Baehrens
766 767 818 808 ad
850 767 890 807 h.
922 768 947 807 1.
981 767 1148 814 attulit;
1182 766 1232 807 cf.
1263 767 1481 820 praeterea
1512 765 1625 806 Dahl
1655 766 1680 806 l.
1704 778 1738 806 c.

114 852 152 892 p.
189 843 269 880 145
284 849 345 890 sq.
407 837 449 878 Is
481 837 611 889 igitur
653 849 756 878 usus
790 838 981 890 quamvis
1014 849 1134 878 rarus
1167 838 1312 878 tamen
1344 838 1409 878 est
1440 836 1653 889 genuinus
1678 836 1742 876 la-

113 909 227 950 tinae
249 909 417 960 linguae
439 920 516 948 nec
539 920 562 948 a
586 919 735 960 graeca
757 909 1002 949 translatus.
1045 907 1155 948 Nam
1187 909 1236 948 ut
1267 908 1309 947 in
1343 907 1534 948 omnibus
1557 906 1739 947 notionis

110 978 325 1031 originalis
357 978 665 1018 mutationibus
699 979 741 1018 et
775 978 1133 1026 translationibus,
1166 978 1269 1018 item
1300 978 1342 1017 in
1373 977 1451 1018 hoc
1482 989 1562 1017 usu
1594 977 1742 1017 tenen-

113 1048 215 1090 dum
247 1050 332 1097 est,
369 1060 603 1100 numquam
634 1047 724 1088 fieri
755 1049 963 1101 potuisse,
1006 1049 1053 1088 ut
1094 1060 1143 1088 ea
1175 1047 1410 1088 coniunctio
1442 1047 1620 1087 localem
1652 1046 1740 1087 vim

110 1119 334 1172 reciperet,
371 1117 452 1158 nisi
490 1130 564 1170 per
596 1118 765 1170 originis
808 1119 1109 1171 proprietatem
1142 1119 1183 1159 et
1214 1117 1397 1158 indolem
1431 1116 1644 1169 quandam
1676 1117 1741 1157 in-

111 1189 342 1230 delebilem.

233 1258 277 1300 Si
308 1258 358 1299 de
390 1259 576 1311 tempore
609 1259 777 1312 ponitur
810 1271 906 1300 cum
937 1258 1160 1300 indicativo
1193 1257 1386 1311 perfecti,
1427 1259 1474 1298 ut
1515 1257 1625 1310 apud
1658 1256 1739 1298 Ca-

111 1329 204 1370 tull.
237 1329 276 1370 X
310 1334 359 1371 5:

537 1398 636 1439 Huc
668 1402 713 1438 ut
744 1398 934 1439 venimus
967 1398 1152 1439 incidere
1184 1397 1302 1438 nobis

535 1467 754 1510 Sermones
785 1469 911 1518 varii,

108 1552 276 1594 semper
315 1539 488 1581 alterius
530 1540 738 1580 enuntiati
779 1540 885 1580 actio
927 1539 1108 1580 refertur
1147 1551 1230 1579 non
1264 1539 1432 1579 tantum
1472 1537 1522 1578 ad
1556 1539 1737 1590 tempus,

109 1611 185 1652 sed
218 1610 269 1651 ad
302 1622 395 1651 eam
427 1610 711 1651 condicionem
745 1622 851 1662 quae
885 1610 1046 1650 actione
1081 1609 1289 1650 enuntiati
1321 1607 1556 1649 secundarii
1589 1607 1738 1648 effecta

112 1681 372 1722 describitur.
432 1680 536 1721 Inde
568 1679 673 1720 illud
697 1692 863 1732 quoque
899 1679 1172 1732 intellegitur,
1205 1691 1279 1720 cur
1310 1678 1389 1719 hae
1422 1677 1528 1718 duae
1552 1678 1737 1718 actiones

110 1751 321 1792 enuntiati
353 1752 395 1791 et
426 1749 661 1791 secundarii
693 1751 735 1790 et
765 1749 953 1803 primarii
994 1751 1068 1789 aut
1110 1748 1162 1789 ad
1192 1748 1304 1789 idem
1343 1749 1509 1801 tempus
1551 1748 1738 1801 plerum-

111 1834 193 1875 que
234 1821 473 1875 pertineant
514 1822 587 1861 aut
627 1819 679 1860 ad
727 1819 839 1860 idem
877 1819 1077 1873 temporis
1119 1818 1304 1872 spatium
1345 1818 1395 1859 cf.
1427 1818 1602 1858 Kiihner
1642 1818 1667 1858 l.
1700 1830 1735 1859 c.

109 1891 155 1933 Π
185 1905 223 1945 p.
257 1897 352 1934 898.

230 1961 570 2015 Comparativam
617 1962 759 2002 autem
806 1960 891 2001 vim
938 1959 1113 2012 suscipit
1160 1958 1274 2007 inde,
1328 1958 1436 2010 quod
1483 1958 1526 1998 in
1572 1957 1736 1999 duabus

109 2032 344 2074 actionibus
375 2032 485 2072 inter
525 2044 568 2072 se
607 2031 826 2072 disiunctis
866 2033 908 2071 et
941 2030 1086 2071 alienis
1120 2028 1351 2070 similitudo
1393 2028 1533 2080 aliqua
1564 2029 1737 2068 inventa

110 2104 187 2151 est,
220 2101 329 2143 unde
363 2101 533 2143 demum
565 2101 653 2142 eius
684 2113 814 2142 nexus
848 2100 1005 2153 species
1039 2112 1086 2141 ac
1117 2099 1230 2140 notio
1264 2099 1414 2147 oritur,
1456 2098 1528 2150 qui
1565 2098 1606 2138 in
1640 2098 1734 2139 aliis

111 2173 345 2214 actionibus
384 2172 494 2212 inter
535 2184 578 2212 se
609 2172 676 2212 vel
707 2173 893 2224 tempore
927 2171 993 2211 vel
1024 2170 1112 2211 loco
1144 2170 1210 2210 vel
1242 2181 1369 2210 causa
1402 2169 1467 2209 vel
1504 2168 1625 2209 modo
1659 2168 1735 2208 ali-

111 2255 194 2296 quo
232 2254 306 2296 per
351 2239 427 2298 ‘ut’
475 2242 708 2283 coniunctis
751 2242 802 2282 ab
843 2241 961 2281 initio
995 2245 1157 2281 exstare
1191 2239 1366 2280 videtur.
1438 2238 1543 2279 Eam
1590 2239 1735 2279 autem

109 2313 303 2354 vocabuli
345 2309 421 2367 'ut'
468 2312 682 2353 notionem
719 2323 818 2352 sane
851 2311 1034 2364 priscam
1066 2322 1157 2351 esse
1197 2312 1239 2351 et
1269 2308 1364 2350 inde
1398 2309 1448 2349 ab
1491 2308 1736 2361 antiquissi-

109 2383 191 2424 mis
225 2383 482 2436 temporibus
515 2382 729 2431 usitatam,
761 2382 841 2423 hac
872 2394 914 2422 re
948 2381 1068 2422 facile
1090 2380 1362 2432 intellegitur,
1396 2378 1506 2431 quod
1538 2390 1587 2419 ea
1620 2379 1736 2419 simi-

107 2453 338 2494 litudinum
370 2453 455 2493 sive
489 2453 776 2505 analogiarum
808 2452 990 2493 inventio
1023 2463 1107 2491 una
1139 2452 1203 2492 est
1235 2463 1284 2491 ex
1314 2449 1523 2503 primariis
1559 2451 1600 2490 et
1622 2449 1737 2502 prin-

109 2524 314 2577 cipalibus
336 2523 493 2564 viribus
517 2523 568 2563 ad
590 2523 758 2575 linguae
775 2522 976 2563 vocabula
997 2521 1272 2573 actionesque
1291 2519 1480 2568 creanda,
1503 2518 1735 2568 formanda,

110 2593 315 2646 augenda,
348 2592 650 2645 amplificanda.

229 2662 555 2704 Exclamationis
589 2664 729 2704 autem
760 2662 873 2703 notio
907 2661 991 2702 sive
1024 2659 1360 2713 interrogationis
1393 2671 1474 2699 non
1499 2659 1564 2699 est
1585 2669 1734 2711 reapse

109 2733 334 2786 singularis
377 2732 605 2785 quaedam,
644 2732 716 2773 sed
756 2732 911 2786 pendet
951 2732 1041 2771 tota
1073 2731 1123 2771 ab
1162 2729 1370 2771 enuntiati
1402 2729 1605 2781 cuiusque
1639 2740 1735 2780 pro-

110 2803 382 2844 nuntiatione.
452 2801 572 2853 Quod
618 2802 882 2856 paucissimis
926 2800 1180 2853 quibusdam
1225 2799 1326 2840 locis
1374 2797 1440 2852 (cf.
1481 2798 1594 2838 Dahl
1634 2797 1658 2837 l.
1696 2809 1735 2838 c.

185 2883 215 2908 W
227 2883 262 2908 eb
273 2891 286 2908 e
296 2892 322 2913 x.
343 2883 533 2914 Qnaestiones
555 2882 746 2908 Catullianae.
1406 2868 1445 2902 Π
