2013 3223
1046 124 1127 160 102

273 245 397 287 minis
432 248 593 295 essent,
636 248 834 299 quoniam
867 246 920 286 ad
953 246 1130 287 eandem
1162 258 1334 286 uxorem
1365 247 1625 299 pertinerent
1655 250 1750 290 illa:
1789 250 1900 311 tsitis

273 315 414 357 felices
449 318 489 358 et
523 318 570 357 tu
604 317 729 357 simul
763 319 804 358 et
837 318 911 357 tua
939 308 1062 357 vita’.
1124 318 1183 357 Ac
1215 317 1370 357 mirum
1403 329 1494 359 esse
1527 319 1660 367 debet,
1695 321 1804 372 quod
1836 321 1902 362 vel

273 388 443 427 tantum
483 387 684 439 temporis
729 400 776 428 ea
819 387 955 440 opinio
988 400 1085 428 vera
1119 387 1349 428 existimari
1381 390 1566 441 poterat,
1609 393 1818 442 quantum
1849 391 1901 432 ad

272 458 411 497 totum
450 469 596 510 poema
639 458 866 509 legendum
909 458 1195 498 necessarium
1239 460 1313 498 est.
1362 481 1419 487 —
1467 458 1731 513 Omninoque
1772 462 1901 502 nihilo

273 527 409 579 magis
442 527 714 568 difficultates
748 528 1029 581 expediuntur
1062 529 1153 569 aliis
1187 528 1235 568 de
1270 529 1341 569 illa
1370 530 1611 572 calamitate
1645 531 1687 572 in
1719 545 1755 572 v.
1791 537 1900 574 1—8

273 597 508 649 significata
532 598 851 651 suspicionibus,
886 612 991 651 quas
1014 599 1137 640 Riese
1171 599 1222 639 ad
1246 613 1281 639 v.
1305 605 1330 640 4
1364 600 1466 641 satis
1489 601 1658 642 indicat.
1711 601 1902 652 Quarum

274 679 322 708 ea
364 670 428 708 est
461 668 666 717 condicio,
712 671 760 709 ut
793 670 959 710 etiamsi
991 670 1056 710 vel
1088 669 1191 710 haec
1224 671 1289 710 vel
1322 670 1393 710 illa
1432 683 1528 712 cum
1562 673 1756 714 carminis
1790 673 1903 714 exitu

273 739 480 779 consentit
523 741 597 779 aut
643 740 794 780 saltem
826 740 923 781 huic
965 753 1047 781 non
1081 743 1145 781 est
1178 741 1398 786 contraria,
1431 745 1572 783 tamen
1606 744 1805 795 prooemii
1836 755 1902 784 res

273 811 315 848 et
348 809 471 850 verba
506 822 670 863 semper
703 811 844 863 aliqua
878 823 926 851 ex
959 813 1076 864 parte
1111 811 1168 852 eis
1203 814 1450 864 repugnent.

393 879 474 920 Sed
506 880 582 921 has
616 894 758 922 omnes
793 882 1049 935 suspiciones
1089 882 1277 923 refellere
1311 884 1351 922 et
1385 883 1556 935 longum
1590 886 1654 924 est
1687 886 1727 925 et
1761 897 1904 938 super-

273 963 516 992 vacaneum.
579 952 752 993 Dudum
786 954 897 993 enim
931 953 1054 994 iustis
1089 954 1349 1006 argumentis
1383 955 1560 995 reiectae
1595 957 1694 995 sunt
1725 955 1904 996 nec-dum

273 1033 357 1062 una
388 1022 607 1075 hucusque
643 1024 773 1065 stet-it.
838 1023 919 1065 Sed
943 1025 1020 1065 etsi
1053 1027 1222 1078 paratas
1255 1025 1386 1065 liabeo
1419 1025 1557 1078 copias
1590 1026 1741 1067 harum
1764 1026 1905 1080 dispu-

272 1092 480 1134 tationum
514 1095 565 1135 ab
590 1095 888 1148 interpretibus
914 1096 1220 1138 institutarum,
1254 1108 1614 1149 supervacaneum
1647 1099 1787 1137 tamen
1812 1109 1902 1138 esse

272 1162 361 1203 dico
395 1164 443 1204 de
484 1165 548 1205 his
582 1165 735 1206 referre
768 1167 948 1207 maxime
983 1179 1030 1207 ea
1064 1167 1112 1207 de
1147 1179 1287 1211 causa.
1322 1167 1419 1219 quia
1453 1180 1599 1208 casum
1632 1168 1752 1208 illum
1790 1180 1903 1209 acer-

273 1234 384 1283 bum,
419 1248 543 1287 quem
577 1237 957 1278 vehementissimis
1002 1238 1151 1278 studiis
1185 1237 1342 1277 frustra
1376 1238 1639 1279 rimabantur
1671 1239 1747 1278 viri
1780 1238 1903 1287 docti,

271 1304 351 1357 ipsi
382 1305 509 1346 Malio
557 1307 724 1348 omnino
772 1320 854 1348 non
903 1308 1101 1349 accidisse
1145 1309 1269 1349 certis
1312 1309 1572 1361 argumentis
1614 1309 1902 1350 demonstrare

271 1388 392 1428 posse
425 1377 528 1417 mihi
562 1378 714 1419 videor.

390 1520 449 1559 Ac
472 1519 655 1571 primum
679 1520 849 1572 quidem
871 1521 1050 1562 maxime
1074 1521 1217 1561 mirari
1242 1521 1454 1569 debemus,
1488 1523 1522 1562 si
1556 1522 1724 1574 quidem
1749 1522 1901 1562 Malius

272 1589 430 1629 amicus
465 1592 554 1630 tam
577 1591 694 1643 gravi
726 1591 813 1632 ictu
838 1593 1084 1633 vulneratus
1109 1594 1184 1634 est.
1219 1605 1347 1644 quam
1380 1606 1460 1633 non
1496 1593 1633 1633 animo
1668 1596 1901 1633 commotus

272 1659 327 1700 sit
368 1672 467 1701 casu
509 1661 579 1702 illo
622 1662 693 1714 qui
735 1663 998 1715 significatur
1042 1663 1189 1703 acerbo
1223 1663 1428 1704 Catullus.
1490 1663 1539 1703 ld
1571 1664 1656 1703 iam
1688 1663 1903 1715 Kiessling

270 1731 297 1770 l.
331 1743 361 1771 c.
394 1744 431 1784 p.
468 1737 519 1772 14
568 1733 798 1779 intellexit,
847 1733 919 1774 sed
968 1734 1026 1773 ita
1069 1736 1117 1773 ut
1159 1734 1195 1773 ei
1229 1733 1424 1774 Catullus
1467 1733 1507 1773 in
1540 1747 1575 1773 v.
1612 1739 1692 1776 155
1739 1745 1903 1796 tconso-

271 1802 425 1843 latione
475 1815 551 1843 sua
598 1817 680 1844 non
729 1804 813 1844 iam
860 1816 962 1857 opus
1012 1817 1101 1845 esse
1145 1798 1364 1856 augurari'
1411 1804 1636 1845 videretur.
1698 1805 1901 1857 Idemque

271 1873 411 1925 tetigit
443 1873 682 1923 Baehrens,
731 1875 804 1915 sed
854 1875 941 1928 ipse
984 1875 1290 1916 dubitationem
1332 1888 1454 1916 suam
1496 1877 1820 1917 subnascentem
1863 1876 1901 1916 vi

272 1944 456 1996 quadani
489 1946 700 1998 repressit.
764 1946 951 1987 Adnotat
984 1947 1087 1987 haec-
1120 1947 1170 1987 ad
1206 1960 1240 1987 v.
1275 1954 1311 1988 5.
1347 1954 1406 1988 6.:
1452 1960 1570 2003 ccum
1603 1946 1678 1988 hoc
1712 1947 1901 2000 epistolio

269 2028 353 2055 non
392 2016 569 2057 lectores
610 2017 777 2069 ignaros
821 2018 875 2058 sit
915 2017 1134 2067 docturus,
1183 2018 1255 2059 sed
1289 2018 1446 2059 scribat
1479 2018 1529 2058 ad
1563 2018 1744 2059 amicum
1777 2018 1901 2058 nimis

271 2086 378 2127 eheu
419 2100 618 2139 gnarum,
665 2091 804 2142 potest
848 2101 947 2130 sane
990 2091 1112 2142 poeta
1151 2089 1286 2141 magis
1328 2090 1368 2129 in
1408 2092 1654 2130 transcursu
1697 2092 1738 2129 et
1780 2088 1902 2141 quasi

269 2158 567 2210 parentheseos
600 2159 689 2200 1000
721 2160 905 2201 breviter
926 2160 1044 2200 Malii
1077 2160 1365 2201 calamitatem
1399 2160 1605 2212 attingere
1640 2160 1681 2200 iu
1713 2160 1900 2201 membro

269 2228 348 2269 1100
381 2221 661 2271 secundario'.
725 2230 806 2271 Sed
841 2231 1016 2284 simplex
1048 2231 1242 2272 sanitatis
1283 2231 1388 2272 ratio
1420 2233 1629 2284 posceret,
1673 2231 1707 2272 si
1740 2231 1900 2272 amicus

270 2300 359 2340 tam
392 2301 509 2352 gravi
542 2302 782 2342 calamitate
817 2314 944 2354 quam
985 2304 1162 2355 putatur
1195 2302 1378 2343 afflictus
1412 2302 1579 2345 fuisset.
1620 2304 1667 2342 ut
1698 2314 1773 2342 nos
1805 2314 1902 2355 poe-

270 2371 360 2411 tam
394 2371 445 2411 ad
478 2373 661 2413 amicum
692 2373 828 2414 multo
852 2373 1123 2414 commotiore
1147 2374 1332 2414 oratione
1367 2386 1409 2414 se
1443 2376 1682 2414 convertere
1706 2372 1898 2414 debuisse

271 2444 622 2495 exspectaremus.

388 2514 559 2555 Accedit
594 2514 721 2567 quod,
764 2515 796 2555 si
829 2527 971 2556 veram
1005 2527 1094 2556 esse
1129 2527 1347 2556 sumamus
1381 2516 1490 2557 hanc
1522 2516 1739 2569 vulgarem
1771 2515 1900 2556 iuter-

269 2585 567 2638 pretationem.
606 2599 703 2627 cum
745 2586 972 2639 legerimus
1016 2587 1171 2639 primos
1213 2587 1293 2627 duo
1328 2599 1472 2628 versus
1508 2587 1645 2628 subito
1677 2586 1899 2640 paululum

270 2655 550 2709 obstupefacti
582 2657 624 2697 in
656 2656 912 2710 naufragum
945 2658 1156 2710 quendam
1197 2657 1420 2698 incidimus
1454 2658 1634 2699 eiectum
1666 2657 1900 2710 spumanti-

268 2726 348 2767 bus
383 2726 517 2775 undis,
551 2740 676 2780 quem
709 2730 757 2769 ut
790 2729 1031 2770 sublevaret
1054 2728 1248 2770 Catullus
1282 2729 1521 2781 rogabatur.
1571 2729 1680 2769 Nam
1712 2727 1900 2768 miratio-

268 2809 366 2838 nem
399 2798 610 2850 quandam
642 2800 761 2840 nobis
795 2799 933 2846 efficit,
967 2800 1076 2852 quod
1111 2800 1145 2840 si
1180 2791 1451 2861 ‘naufragus'
1486 2800 1555 2841 ille
1590 2800 1663 2842 est,
1697 2797 1747 2839 ad
1772 2810 1899 2850 quem
