2013 3223
1042 129 1120 165 122

267 264 349 293 non
382 253 517 293 solum
551 254 601 293 ab
634 253 722 306 ipso
755 254 920 293 retenta
953 255 1028 299 est,
1063 266 1322 306 quamquam
1354 266 1430 295 sua
1462 255 1633 297 inventa
1654 269 1737 298 non
1758 257 1894 310 magis

270 335 397 375 quam
431 323 608 364 aliorum
641 335 739 363 vera
781 323 1001 376 diligebat,
1044 324 1117 365 sed
1159 324 1287 365 etiam
1326 338 1437 366 nunc
1478 328 1592 367 certa
1632 326 1716 368 fere
1755 340 1895 368 emen-

267 393 380 433 datio
414 393 641 434 existimari
676 394 851 443 videtur,
883 394 963 434 nisi
998 395 1109 447 quod
1143 394 1340 436 Schwabe
1374 408 1467 437 eam
1489 397 1532 437 in
1555 398 1719 439 textum
1751 399 1895 439 tamen

266 476 349 504 non
381 464 546 517 recepit.
610 465 664 504 Et
699 465 897 516 quoniam
929 465 970 505 in
1004 465 1191 518 legendis
1225 468 1267 507 et
1299 467 1557 508 excutiendis
1580 469 1725 521 poetae
1758 469 1894 510 verbis

266 534 315 575 de
358 534 445 574 eius
495 535 756 576 coniecturae
799 535 975 576 veritate
1027 536 1185 577 invitus
1227 537 1493 587 dubitabam,
1536 551 1631 579 mox
1669 552 1765 580 cum
1802 552 1895 593 per-

266 605 448 657 spexisse
481 606 585 645 mihi
617 606 790 655 viderer,
826 606 926 659 quid
957 607 999 647 in
1042 619 1090 648 ea
1130 607 1181 648 ad
1214 609 1435 649 verborum
1474 621 1676 650 conexum
1716 609 1896 651 efficien-

264 675 365 716 dum
417 677 458 716 et
508 676 560 716 ad
601 677 731 718 totius
775 678 1008 718 sententiae
1052 678 1240 719 ordinem
1281 679 1535 720 servandum
1577 680 1761 729 deesset,
1801 693 1894 722 eam

267 746 501 799 improbare
535 749 704 788 coactus
738 760 844 788 sum.
909 747 991 789 Sed
1023 750 1162 790 totum
1197 761 1294 790 eum
1326 750 1485 798 locum,
1528 751 1594 791 cui
1637 763 1783 792 versus
1824 752 1893 793 ille

267 817 633 859 coniunctissimus
668 820 753 867 est,
795 832 891 860 cum
923 820 1078 860 intueri
1110 833 1280 861 necesse
1324 821 1390 870 sit,
1422 821 1490 862 hic
1533 833 1552 862 e
1584 820 1797 863 Schwabei
1830 834 1894 864 re-

267 888 500 940 cognitione
532 901 838 942 proponamus:

413 965 465 1001 57
503 958 655 1011 Qualis
688 960 735 1000 in
766 961 878 1002 aerii
907 960 1129 1013 perlucens
1160 962 1310 1002 verlice
1341 962 1493 1002 montis

558 1029 696 1071 Rirus
727 1044 911 1072 muscoso
936 1031 1112 1083 prosilit
1144 1046 1163 1072 e
1196 1031 1351 1084 lapide,

502 1101 584 1154 Qui
617 1115 709 1142 cum
742 1103 792 1143 cle
816 1115 959 1154 prowm
987 1116 1191 1155 praeceps
1223 1106 1280 1144 est
1312 1103 1419 1144 valle
1451 1102 1625 1153 rolatus,

412 1177 465 1213 60
556 1171 642 1212 Per
674 1173 857 1213 medium
890 1173 1008 1213 [lensi
1041 1174 1199 1214 transit
1230 1174 1311 1214 iter
1334 1173 1498 1226 populi,

498 1241 633 1284 Dulce
666 1244 823 1284 viatori
855 1243 966 1284 lasso
998 1244 1042 1284 ‘in
1077 1244 1228 1285 sudore
1261 1243 1447 1285 levamen

565 1312 670 1355 Cum
699 1315 847 1366 qravis
879 1317 1043 1355 exustos
1075 1317 1216 1356 aestus
1247 1314 1408 1355 hiulcat
1440 1328 1573 1368 ccqros.

262 1385 402 1436 Atque
435 1386 482 1425 ut
515 1397 537 1425 a
569 1385 718 1426 mediis
751 1386 887 1426 verbis
920 1386 1094 1439 profecti
1128 1388 1170 1427 et
1202 1386 1251 1427 de
1284 1387 1491 1440 prioribus
1525 1389 1568 1427 et
1600 1387 1649 1428 de
1691 1388 1893 1441 posterio-

260 1455 375 1496 ribus
408 1455 591 1497 iudicare
624 1457 845 1510 possimus,
880 1457 982 1497 satis
1016 1456 1101 1498 fere
1126 1458 1190 1497 est
1212 1458 1318 1498 illud
1347 1457 1604 1510 significasse
1636 1459 1784 1507 rivum,
1820 1459 1891 1511 qui

262 1526 381 1567 dulce
415 1527 586 1567 viatoris
628 1528 729 1568 lassi
770 1528 960 1568 levamen
1000 1528 1226 1575 diceretur,
1269 1528 1321 1568 ad
1363 1529 1498 1582 ipsam
1538 1529 1778 1582 planitiem,
1819 1542 1892 1583 per

263 1609 390 1649 quam
422 1598 501 1638 iter
533 1597 673 1647 ferret,
705 1599 946 1651 pervenisse
979 1599 1139 1640 debere.
1202 1599 1305 1640 Inde
1346 1600 1543 1640 continuo
1585 1601 1765 1641 mutatio
1807 1600 1890 1648 illa,

261 1680 335 1721 per
368 1681 495 1721 quam
528 1669 615 1710 loco
648 1669 760 1710 vocis
789 1668 940 1720 populi
982 1669 1268 1722 reponendum
1311 1682 1401 1710 esse
1448 1663 1647 1732 <scopuli'
1692 1670 1891 1712 Huschke

260 1739 471 1792 cogitavit,
504 1740 728 1781 temeraria
761 1740 938 1788 videtur,
971 1740 1012 1780 id
1056 1740 1165 1792 quod
1198 1740 1345 1794 Haupt
1386 1741 1410 1780 l.
1445 1753 1476 1782 0.
1508 1754 1546 1794 p.
1581 1746 1634 1783 88
1678 1742 1761 1782 iam
1805 1753 1892 1782 am-

260 1810 369 1863 plius
404 1810 731 1851 demonstravit:
775 1803 1131 1873 ‘praeposteram'
1179 1812 1363 1864 appellat
1405 1812 1672 1865 scopulorum
1713 1824 1892 1854 comme-

261 1881 557 1925 morationem.
603 1895 705 1935 quos
744 1882 882 1923 rivum
922 1882 1008 1923 iam
1049 1883 1284 1923 eluctatum
1325 1895 1415 1924 esse
1456 1884 1784 1924 consentaneum
1825 1884 1890 1924 sit.

260 1951 505 1996 Praeterea,
560 1965 611 1994 ne
661 1953 761 2005 quid
809 1965 856 1994 ex
905 1953 993 1993 eius
1054 1953 1314 2006 argumentis
1369 1954 1602 2006 neglexisse
1658 1954 1889 2003 videamur,

259 2023 442 2064 ostendit
473 2024 588 2065 nullo
621 2024 742 2065 modo
774 2024 897 2065 licere
936 2036 1010 2077 per
1052 2024 1256 2065 sermonis
1298 2025 1598 2078 proprietatem
1640 2025 1889 2078 coniungere

262 2094 400 2155 ‘densi
433 2095 591 2148 scopuli
624 2087 722 2136 iter'
760 2097 834 2136 aut
864 2108 938 2149 per
967 2095 1231 2137 Catullianae
1264 2095 1463 2136 orationis
1497 2095 1730 2149 simplicem
1761 2108 1890 2136 venu-

258 2167 414 2206 statem
446 2166 505 2206 ita
547 2166 672 2206 verba
712 2171 976 2215 construere,
1016 2168 1065 2206 ut
1105 2166 1236 2220 ipsius
1284 2167 1363 2207 iter
1395 2167 1472 2207 rivi
1505 2166 1684 2207 transire
1726 2166 1890 2208 dicatur

257 2248 331 2289 per
361 2236 548 2278 medium
582 2237 751 2290 scopuli.
813 2238 873 2278 Ac
906 2237 941 2277 si
973 2236 1171 2278 Huschke
1204 2237 1455 2291 opinabatur
1487 2237 1567 2278 dici
1598 2249 1718 2291 posse
1752 2237 1889 2278 rivum

259 2319 332 2360 per
362 2307 549 2348 medium
581 2307 700 2348 densi
733 2308 892 2361 scopuli
914 2308 994 2349 iter
1017 2320 1142 2348 suum
1166 2308 1356 2357 transire,
1390 2321 1439 2349 ne
1470 2308 1511 2348 id
1535 2308 1703 2360 quidem
1725 2309 1889 2349 rectum

259 2390 349 2418 esse
381 2378 527 2432 Haupt
558 2378 754 2427 firmavit,
789 2378 886 2431 quia
921 2378 1060 2441 cdensi
1094 2370 1272 2432 scopuli'
1309 2392 1405 2420 cum
1438 2391 1534 2420 vero
1569 2391 1695 2420 sensu
1736 2379 1785 2420 de
1818 2391 1890 2420 ru-

259 2449 380 2502 pibus
414 2449 494 2490 dici
526 2463 608 2490 non
640 2451 791 2503 potest.

378 2519 458 2560 Sed
496 2513 651 2581 ‘densi'
690 2520 878 2573 intellegi
908 2520 1068 2572 nequit.
1132 2520 1217 2561 Cur
1250 2521 1362 2561 enim
1395 2521 1574 2562 densum
1616 2532 1706 2561 esse
1745 2520 1888 2573 populi

259 2602 409 2642 agmen
442 2590 565 2632 debet
598 2591 649 2632 ad
683 2591 759 2631 rivi
791 2591 1115 2632 transitionem?
1149 2604 1223 2632 cui·
1256 2591 1391 2632 viator
1422 2604 1496 2645 per
1537 2591 1712 2632 densam
1753 2590 1889 2631 homi-

257 2673 360 2701 num
391 2662 710 2703 multitudinem
742 2661 932 2703 incedere
966 2662 1101 2711 debet,
1134 2663 1182 2703 ut
1214 2661 1328 2702 rivus
1363 2662 1399 2703 ei
1421 2663 1613 2703 levamen
1646 2661 1731 2702 sit?
1782 2660 1886 2701 Inde

258 2731 313 2772 M.
347 2731 493 2785 Haupt
523 2733 627 2773 illud
663 2725 819 2794 ‘densi’
856 2733 1053 2774 vitiosum
1087 2745 1177 2773 esse
1220 2734 1340 2773 ratus
1382 2733 1580 2773 orationis
1619 2732 1888 2773 venustatem

258 2802 493 2844 restituisse
528 2804 604 2845 sibi
638 2804 751 2844 visus
784 2805 849 2845 est
880 2804 1061 2857 reposito
1098 2800 1305 2866 csensim’.
1356 2803 1639 2864 (Describitur
1670 2825 1727 2831 --
1749 2802 1887 2855 inquit
