2013 3223
858 160 939 196 119

91 285 205 337 puto,
238 296 333 324 cum
365 282 412 334 Q.
442 283 639 324 Metellus
672 282 792 324 Celer
823 284 998 324 Lesbiae
1030 283 1208 323 maritus
1233 294 1267 323 a.
1292 286 1344 324 59
1368 281 1504 322 medio
1526 282 1709 322 mortem

92 354 258 395 obisset.
321 353 402 394 Sed
434 354 570 407 ipsam
603 354 778 406 elegiam
815 356 908 407 post
950 354 1074 394 huius
1116 355 1295 394 mortem
1336 352 1507 393 demum
1546 364 1711 405 compo-

93 424 219 465 sitam
252 436 341 464 esse
373 436 425 464 ne
449 423 679 472 credamus,
713 424 823 476 quod
847 424 1021 465 credidit
1044 423 1090 465 O.
1106 423 1348 464 Harnecker
1364 421 1510 474 Proyr.
1534 421 1709 462 Friede-

91 493 187 546 berq
219 493 316 534 Nm.
354 499 461 535 1881
497 507 535 547 p.
579 499 654 543 13,
696 496 841 535 vetant
881 496 923 535 et
962 494 1118 536 Catulli
1161 506 1308 534 sensus
1353 492 1709 545 cogitationesque

91 564 214 605 modo
247 564 478 617 descriptae
513 566 555 605 et
584 578 621 604 v.
647 569 727 606 145
741 577 801 617 sq.
865 563 1133 616 Quamquam
1166 564 1276 604 enim
1309 575 1415 615 quae
1448 563 1491 603 in
1522 562 1586 603 his
1619 574 1711 603 ver-

92 635 206 676 sibus
239 634 350 675 dicta
383 637 482 675 sunt
513 635 641 675 etiam
671 636 835 675 mortuo
867 635 1017 675 marito
1050 634 1130 675 dici
1160 634 1365 687 poterant,
1397 634 1539 673 tamen
1571 634 1619 673 ut
1651 632 1711 673 ita

91 704 260 753 diceret,
293 704 508 746 Catullum
538 705 680 745 mariti
710 705 792 746 vivi
830 705 1031 746 memoria
1071 704 1301 745 adductum
1340 715 1429 744 esse
1470 702 1588 743 facile
1629 702 1713 743 for-

92 776 206 816 tasse
239 775 498 816 concedetur.

209 915 423 956 Nonnulla
456 916 561 957 addo
595 916 644 957 de
677 916 848 968 reliquis
893 916 1042 968 epilogi
1083 915 1283 956 versibus.
1354 914 1504 963 Illum,
1544 914 1712 967 propter

93 997 218 1038 quem
249 986 404 1026 Mah'us
424 986 641 1027 Catullum
673 986 844 1033 adierat,
877 986 959 1026 iam
992 998 1075 1026 non
1107 985 1243 1025 notari
1275 986 1602 1026 consentaneum
1636 985 1712 1024 est.

94 1055 338 1108 Sequuntur
370 1057 480 1097 enim
511 1058 657 1109 poetae
690 1058 786 1097 vota
818 1068 891 1109 pro
923 1056 1041 1096 Malii
1073 1056 1246 1107 eiusque
1270 1055 1407 1095 uxoris
1438 1055 1574 1095 salute
1598 1053 1710 1095 facta

98 1127 152 1179 (v.
188 1127 298 1179 155),
330 1139 430 1167 nam
463 1127 512 1167 de
544 1127 683 1180 puella
724 1126 906 1179 cogitare
946 1138 1029 1166 non
1069 1126 1167 1166 licet
1200 1140 1278 1172 -ς
1322 1125 1469 1166 deinde
1508 1125 1550 1165 111
1591 1137 1714 1165 versu

95 1202 176 1238 156
209 1209 282 1250 pro
314 1197 434 1238 domo
466 1197 575 1245 Allii,
607 1197 649 1237 in
683 1209 764 1249 qua
797 1197 875 1237 sibi
908 1209 1003 1237 011111
1035 1196 1184 1237 Lesbia
1220 1195 1489 1237 conveniendi
1524 1196 1710 1248 potestas

91 1266 193 1308 data
245 1266 370 1308 fuerit
421 1267 469 1308 cf.
516 1281 552 1307 v.
616 1273 667 1309 66
683 1279 772 1319 sqq.
856 1267 936 1308 Sed
988 1267 1022 1307 is
1084 1267 1304 1319 corruptus
1363 1268 1438 1307 est.
1519 1265 1713 1306 Habebat

92 1337 219 1378 codex
250 1338 312 1378 V:

416 1408 476 1448 Et
507 1407 653 1448 domus
684 1408 731 1448 ‘in
763 1421 847 1459 qua
881 1407 1059 1447 lusimus
1090 1410 1127 1447 et
1159 1407 1341 1455 domina,

93 1479 165 1519 ubi
197 1481 245 1519 ut
291 1479 442 1519 lacuna
485 1479 720 1532 expleretur
758 1479 808 1519 ab
848 1478 969 1518 Italis
1012 1478 1271 1519 scribebatur
1314 1477 1481 1540 cdomus
1520 1477 1630 1530 ipsa,
1671 1477 1713 1517 in

92 1541 198 1601 qua‘
242 1549 426 1609 1110111118,
460 1549 539 1602 ipsi
571 1549 612 1589 in
647 1540 745 1601 qua'
787 1548 973 1611 cdomuS,
1014 1549 1055 1588 in
1098 1560 1180 1600 qua
1224 1540 1334 1589 nos'.
1397 1548 1499 1588 Mihi
1544 1547 1714 1600 quidem

92 1619 231 1672 aptius
264 1619 429 1660 videtur
459 1632 687 1673 pronomen
718 1620 814 1668 ista,
849 1619 958 1671 quod
990 1621 1159 1672 propter
1181 1619 1420 1659 litterarum
1453 1630 1619 1671 quoque
1659 1618 1713 1658 si-

91 1690 374 1731 militudinem
419 1692 515 1744 post
564 1682 653 1751 ‘us'
705 1692 746 1731 et
793 1691 889 1730 ante
940 1682 1022 1752 (111)
1067 1689 1315 1730 intercidere
1358 1690 1534 1742 poterat.
1605 1688 1714 1729 Tum

92 1760 209 1802 addit
240 1763 335 1802 vota
367 1773 440 1814 pro
473 1773 540 1803 eo.
584 1773 607 1800 a
652 1773 732 1812 quo
770 1760 903 1813 primo
945 1760 1084 1801 omnia
1122 1760 1229 1800 bona
1271 1772 1346 1800 sua
1388 1759 1589 1812 originem
1630 1760 1716 1799 tra-

91 1831 228 1872 xerint
259 1832 310 1885 (ν.
347 1836 426 1873 157
442 1832 531 1884 sq),
565 1833 607 1871 et
637 1843 710 1884 pro
744 1831 961 1872 carissima
993 1843 1069 1871 sua
1102 1831 1251 1871 Lesbia
1284 1830 1336 1884 (v.
1374 1835 1454 1872 159
1468 1830 1556 1882 sq).

210 1901 443 1950 Nescimus,
477 1902 569 1954 quis
602 1902 762 1955 primus
796 1900 962 1942 Catullo
985 1901 1157 1942 Lesbiae
1190 1900 1421 1942 noscendae
1455 1900 1715 1941 occasionem

91 1972 276 2020 dederit;
309 1972 353 2012 P.
386 1971 583 2013 Alfenum
616 1972 778 2012 Varum
811 1971 1134 2013 Cremonensem
1178 1971 1306 2012 fuisse
1348 1971 1395 2011 B.
1436 1970 1629 2012 Schmidt
1670 1970 1714 2011 in

91 2043 192 2096 prol.
225 2056 262 2096 p.
293 2043 354 2083 IX
387 2043 625 2095 suspicatus
659 2045 733 2083 est.
781 2042 946 2083 Tertius
979 2042 1108 2094 igitur
1142 2041 1314 2094 quidam
1346 2042 1512 2095 praeter
1535 2041 1714 2082 Malium

92 2115 135 2154 et
166 2114 324 2154 Allium
356 2113 615 2166 significatur
647 2112 696 2154 cf.
718 2113 869 2154 Baehr.
901 2126 938 2165 p.
963 2117 1068 2159 5353
1103 2114 1144 2153 et
1168 2112 1358 2164 quamvis
1392 2111 1576 2164 graviter
1607 2110 1713 2151 illud

95 2186 273 2245 ⁴terram
305 2184 419 2225 dedit
452 2175 605 2225 aufert'
643 2185 887 2237 corruptum
921 2183 998 2232 sit,
1030 2183 1107 2223 hoc
1148 2183 1231 2223 iam
1269 2182 1371 2222 mihi
1414 2182 1579 2222 videtur
1620 2193 1718 2222 con-

94 2256 206 2296 stare
240 2255 502 2296 allocutionis
540 2267 767 2308 pronomen
812 2246 892 2316 ‘te'
940 2254 1007 2295 hic
1045 2266 1127 2294 non
1167 2252 1405 2294 desiderari.
1467 2252 1578 2293 Nam
1618 2264 1715 2293 cum

93 2337 218 2366 versu
252 2330 333 2366 155
376 2325 554 2365 Malium
594 2324 729 2366 denuo
768 2325 808 2364 in
851 2326 944 2365 voto
987 2324 1193 2365 allocutus
1236 2323 1290 2364 sit
1329 2324 1451 2376 poeta
1491 2322 1714 2374 uxorisque

93 2395 439 2448 significationem
474 2395 720 2444 adiunxerit,
754 2395 871 2435 addit
902 2395 944 2435 in
986 2408 1021 2435 v.
1067 2399 1146 2436 156
1190 2406 1263 2447 per
1307 2385 1388 2456 ‘et‘
1433 2405 1584 2434 novam
1623 2404 1716 2446 pre·

92 2466 299 2507 cationem
331 2465 380 2506 de
413 2465 533 2506 domo
565 2466 675 2515 Allii,
716 2477 841 2518 quem
880 2477 954 2518 per
997 2465 1206 2518 epilogum
1248 2463 1404 2516 alloqui
1441 2476 1525 2504 non
1564 2463 1715 2516 potest,

92 2536 194 2577 item
226 2536 268 2577 in
300 2549 335 2576 v.
371 2542 451 2578 157
485 2549 558 2590 per
590 2536 771 2578 alterum
807 2528 885 2598 cet'
921 2537 964 2576 et
995 2536 1036 2576 in
1069 2549 1105 2575 v.
1140 2540 1221 2577 159
1255 2547 1328 2588 per
1367 2534 1561 2583 tertium,
1603 2533 1715 2586 quod

92 2606 234 2648 addito
269 2599 429 2668 ‘longe'
465 2607 538 2660 (sc.
569 2605 666 2648 felix
689 2607 759 2659 sit)
792 2607 1020 2647 maximam
1052 2606 1136 2646 vim
1170 2605 1332 2659 accipit,
1365 2617 1431 2646 res
1465 2604 1516 2645 ad
1538 2604 1716 2645 Malium

92 2677 232 2731 ipsum
263 2690 347 2718 non
379 2677 637 2730 pertinentes
669 2677 937 2718 inducuntur.
985 2676 1094 2729 Ergo
1125 2676 1169 2716 in
1192 2689 1227 2716 v.
1253 2681 1333 2718 157
1358 2675 1553 2717 allocutio
1587 2674 1715 2716 fuisse

92 2760 176 2789 non
207 2749 357 2801 potest.
418 2750 478 2789 Ac
510 2760 560 2789 ne
592 2747 808 2801 proprium
842 2746 1011 2799 quidem
1050 2758 1203 2787 nomen
1244 2746 1311 2787 hic
1351 2746 1482 2787 latere
1523 2747 1625 2799 puto
1667 2746 1717 2786 ut

93 2817 309 2860 Baehrens
341 2831 379 2872 p.
412 2822 495 2861 535
529 2818 690 2867 conicit,
723 2817 795 2859 sed
827 2817 1079 2858 locutionem
1112 2816 1309 2869 aliquam,
1343 2828 1449 2869 quae
1480 2828 1554 2869 per
1585 2815 1716 2856 alium
