2013 3223
1060 118 1139 153 124

286 242 396 283 Nam
429 243 534 282 nihil
566 242 733 282 omnino
766 241 894 282 refert
926 243 1071 282 utrum
1105 241 1260 282 sensim
1294 253 1345 281 an
1387 241 1467 282 cito
1508 241 1586 281 rivi
1626 241 1763 282 undae
1805 243 1916 291 eant,

288 313 495 365 siquidem
528 325 601 365 per
632 312 818 352 medium
851 313 1075 352 transeunt
1106 312 1185 352 iter
1217 311 1369 365 populi.

406 384 527 423 Certe
571 394 619 422 ea
663 382 845 422 inanitas
887 382 1077 423 vocabuli
1116 383 1284 423 omnino
1327 382 1426 423 ferri
1469 382 1656 432 deberet,
1699 383 1733 423 si
1775 384 1913 423 totum

284 453 423 494 locum
458 453 546 493 eius
579 452 798 492 inanitatis
840 464 946 493 vano
987 455 1231 493 ornamento
1276 453 1326 493 ab
1368 453 1455 506 ipso
1494 455 1618 505 poeta
1658 453 1915 494 instructum

288 524 414 564 fuisse
448 522 703 564 credendum
737 525 860 570 esset,
895 523 1005 575 quod
1040 523 1187 576 Haupt
1219 524 1382 564 statuit.
1445 524 1555 564 Nam
1592 523 1709 584 (ipsa
1750 535 1916 576 compa-

286 594 392 634 ratio
426 618 481 622 —-—
514 594 653 645 inquit
684 607 721 646 p.
757 599 810 635 90
845 617 898 622 —
933 606 1029 634 cum
1063 594 1103 633 in
1137 606 1182 634 eo
1215 594 1351 647 posita
1383 594 1449 642 sit,
1487 596 1535 634 ut
1575 594 1687 634 dicat
1720 593 1915 635 Catullus

286 666 450 705 tantam
482 664 754 705 lacrimarum
787 677 878 705 sese
911 664 1146 717 profudisse
1179 665 1340 717 copiam
1374 667 1534 717 quanta
1565 666 1756 706 ubertate
1801 665 1915 705 rivus

287 735 489 787 prosiliat,
523 735 634 787 quod
667 734 815 776 deinde
849 734 964 775 rivus
996 748 1069 788 per
1102 735 1254 776 vallem
1288 748 1331 776 se
1374 735 1596 776 devolvens
1635 738 1677 776 et
1716 748 1790 788 per
1827 735 1917 788 pla—

285 806 436 846 nitiem
468 806 581 846 lento
615 818 738 846 cursu
772 805 908 846 fluens
951 806 1224 854 describitur,
1263 806 1367 846 nihil
1410 806 1579 858 quidem
1625 805 1675 846 ad
1718 806 1914 846 lacrimas

285 877 469 929 pertinet
519 888 655 929 neque
706 877 933 929 quicquam
983 877 1034 917 ad
1085 877 1381 917 declarandam
1436 876 1754 917 similitudinem
1795 876 1916 917 affert

284 947 499 995 momenti,
532 947 603 988 sed
637 948 756 988 suavi
790 947 1055 999 degressione
1099 950 1141 988 et
1180 948 1381 1001 propositi
1427 948 1547 1000 quasi
1588 948 1790 988 oblivione
1834 948 1917 988 lec-

284 1019 395 1058 tores
429 1010 572 1058 fallit'.
634 1018 832 1059 Refertur
864 1018 905 1059 id
939 1019 1062 1071 vulgo
1096 1019 1148 1059 ad
1181 1019 1560 1060 Alexandrinorum
1591 1031 1763 1059 morem.
1820 1018 1914 1059 Ale-

284 1088 475 1128 xandrini
508 1101 603 1130 vero
636 1091 783 1142 poetae
817 1090 896 1130 etsi
928 1090 1135 1142 longiores
1158 1090 1200 1130 in
1224 1090 1604 1143 comparationibus
1628 1089 1916 1141 degressiones

285 1158 539 1200 adamabant
570 1159 744 1200 Homeri
782 1160 1016 1201 imitatione
1051 1160 1230 1207 deducti,
1272 1161 1344 1212 qui
1377 1173 1521 1201 earum
1554 1172 1695 1200 rerum
1728 1159 1917 1201 ordinem

286 1229 394 1270 unde
440 1230 765 1283 comparationis
808 1243 938 1270 unum
979 1231 1147 1283 aliquod
1191 1233 1453 1271 momentum
1496 1231 1646 1279 sumit,
1685 1231 1916 1272 secundum

285 1312 333 1340 ea
366 1313 472 1352 quae
505 1314 578 1354 per
611 1301 720 1342 vitae
754 1301 1113 1350 consuetudinem,
1146 1302 1456 1354 experientiam,
1489 1314 1614 1342 usum
1647 1301 1734 1341 fieri
1769 1302 1916 1351 solent,

283 1371 448 1424 plenius
482 1375 524 1412 et
556 1372 761 1425 copiosius
795 1372 1013 1422 describit,
1051 1375 1193 1414 tamen
1228 1385 1273 1413 eo
1313 1385 1446 1425 usque
1490 1373 1682 1413 aberrare
1723 1385 1802 1413 non
1845 1384 1917 1426 po-

284 1444 470 1491 tuerunt,
503 1455 640 1495 neque
674 1443 868 1484 Catullus
902 1456 1046 1484 eorum
1079 1444 1269 1484 imitator
1303 1446 1471 1484 tantum
1505 1444 1736 1491 aberravit,
1769 1446 1818 1484 ut
1849 1443 1915 1484 vel

284 1513 556 1554 lacrimarum
595 1515 762 1554 nomine
804 1514 881 1554 rivi
921 1514 1097 1554 alicuius
1140 1527 1309 1554 cursum
1353 1527 1376 1554 a
1416 1514 1529 1554 fonte
1571 1514 1800 1554 deductum
1841 1526 1916 1566 per

285 1584 453 1625 inanem
507 1598 649 1625 rerum
702 1585 973 1625 fortuitarum
1032 1585 1354 1638 descriptionem
1403 1587 1662 1637 sequeretur.
1721 1607 1776 1612 —
1833 1584 1915 1625 Sed

287 1655 482 1707 equidem
523 1656 675 1696 harum
716 1669 877 1705 rerum,
911 1669 1017 1708 quae
1051 1657 1276 1697 lectoribus
1310 1657 1605 1709 imponuntur,
1638 1656 1741 1696 nihil
1774 1655 1816 1695 in
1848 1667 1918 1695 me

287 1728 483 1778 expertus
518 1738 634 1775 sum,
666 1739 744 1767 nec
788 1727 1043 1767 suavitatem
1085 1727 1362 1779 degressionis
1404 1740 1480 1768 nec
1521 1739 1613 1767 eam
1655 1726 1919 1775 oblivionem,

287 1796 358 1837 sed
393 1809 558 1850 semper
589 1799 736 1850 poetae
760 1798 972 1838 inscitiam
995 1810 1118 1850 aegre
1142 1797 1340 1846 ferebam,
1374 1798 1408 1838 si
1433 1810 1525 1838 eam
1548 1810 1591 1838 re
1616 1810 1714 1838 vera
1746 1797 1916 1837 inanem

287 1868 643 1920 comparationem
694 1881 767 1921 pro
820 1868 1099 1921 degressionis
1150 1870 1397 1909 ornamento
1441 1870 1490 1908 ut
1534 1868 1818 1909 existimarem
1863 1868 1921 1908 ab>

284 1938 584 1991 interpretibus
618 1952 715 1980 cum
747 1940 945 1980 violentia
976 1940 1187 1980 monebar.

404 2008 622 2059 Quaerant
654 2010 778 2051 velim
810 2011 1063 2064 interpretes
1097 2023 1116 2051 e
1151 2010 1318 2052 Catullo
1352 2011 1539 2062 aliquam
1582 2009 1920 2058 similitudinem,

284 2081 403 2121 cuius
436 2081 621 2121 maxima
653 2093 751 2134 pars
785 2085 826 2122 et
859 2094 966 2134 quae
999 2082 1205 2135 imprimis
1240 2081 1280 2121 in
1314 2081 1546 2133 legentium
1569 2081 1706 2121 animo
1729 2080 1919 2129 haereat,

285 2152 410 2192 simili
454 2152 576 2193 modo
621 2153 787 2193 omnino
828 2153 931 2192 nihil
975 2165 1195 2193 commune
1233 2153 1386 2193 habeat
1430 2165 1525 2193 oum
1568 2152 1657 2204 ipso
1700 2163 1917 2204 compara-

284 2223 408 2263 tionis
456 2225 691 2271 momento;
740 2224 774 2264 si
813 2223 1069 2271 invenerint,
1110 2223 1502 2276 interpret-ationem
1550 2234 1676 2275 supra
1730 2221 1916 2275 proposi-

285 2295 372 2334 tam
435 2295 722 2347 comprobabo.
795 2295 903 2335 Nam
958 2295 991 2335 si
1044 2297 1166 2347 poeta
1228 2294 1423 2334 dilatavit
1474 2294 1699 2346 imaginem
1751 2294 1793 2333 et
1840 2304 1916 2345 per

286 2364 473 2417 singulas
539 2378 604 2405 res
657 2368 905 2418 persecutus
955 2368 1019 2405 est
1072 2365 1112 2405 in
1166 2365 1349 2405 carmine
1404 2364 1455 2404 ad
1511 2363 1704 2405 Ortalum
1759 2363 1915 2416 scripto

284 2448 320 2475 v.
367 2441 557 2485 15—24‚
601 2449 725 2488 quem
769 2436 908 2476 locum
951 2436 1097 2489 Haupt
1140 2436 1284 2476 attulit
1328 2435 1379 2475 ad
1424 2434 1603 2496 tCatulli
1646 2435 1915 2475 venustatem

285 2498 561 2547 consimilem'
607 2507 732 2560 priori
775 2507 833 2546 illi
878 2504 1277 2555 demonstrandam,
1326 2506 1380 2546 ibi
1429 2507 1540 2546 certe
1589 2504 1915 2558 comparationis

285 2576 390 2616 ratio
424 2579 601 2617 tenetur.

405 2648 599 2689 Catullus
653 2649 764 2689 enim
817 2661 896 2689 non
951 2652 1043 2689 tum
1091 2648 1259 2689 demum
1302 2648 1552 2689 sollicitatus
1594 2647 1644 2687 ab
1689 2646 1833 2687 Ortalo
1871 2644 1914 2685 id

285 2719 412 2767 misit,
445 2718 485 2758 id
522 2719 631 2770 quod
666 2732 712 2760 ex
746 2720 911 2760 silentio
944 2720 1111 2760 initium
1144 2720 1341 2760 carminis
1364 2718 1477 2759 LXV
1503 2720 1545 2759 et
1576 2717 1743 2758 disertis
1776 2716 1913 2757 verbis

285 2801 431 2830 versus
467 2796 515 2831 17
554 2793 596 2830 et
633 2796 682 2831 18
727 2794 922 2842 arguunt.
984 2790 1026 2830 Is
1068 2791 1196 2843 igitur
1238 2791 1320 2829 iam
1362 2789 1523 2843 pridem
1562 2791 1729 2841 poetam
1771 2786 1913 2828 admo-
