<?xml version="1.0" encoding="UTF-8"?>
<!DOCTYPE html PUBLIC "-//W3C//DTD XHTML 1.0 Transitional//EN"
    "http://www.w3.org/TR/xhtml1/DTD/xhtml1-transitional.dtd">
<html xmlns="http://www.w3.org/1999/xhtml" xml:lang="en" lang="en">
 <head>
  <title>
</title>
<meta http-equiv="Content-Type" content="text/html;charset=utf-8" />
  <meta name='ocr-system' content='tesseract 3.04.00' />
  <meta name='ocr-capabilities' content='ocr_page ocr_carea ocr_par ocr_line ocrx_word'/>
</head>
<body>
  <div class='ocr_page' id='page_1' title='image "./quaestionescatul00webeuoft_0159.png"; bbox 0 0 2013 3223; ppageno 0'>
   <div class='ocr_carea' id='block_1_1' title="bbox 827 141 939 199">
    <p class='ocr_par' dir='ltr' id='par_1_1' title="bbox 827 141 939 199">
     <span class='ocr_line' id='line_1_1' title="bbox 827 141 939 199; baseline 0.018 -23"><span class='ocrx_word' id='word_1_1' title='bbox 827 141 939 199; x_wconf 29' lang='lat'><strong>*139</strong></span> 
     </span>
    </p>
   </div>
   <div class='ocr_carea' id='block_1_2' title="bbox 843 195 1003 199">
    <p class='ocr_par' dir='ltr' id='par_1_2' title="bbox 843 195 1003 199">
     <span class='ocr_line' id='line_1_2' title="bbox 843 195 1003 199; baseline 0 0"><span class='ocrx_word' id='word_1_2' title='bbox 843 195 1003 199; x_wconf 95' lang='lat' dir='ltr'> </span> 
     </span>
    </p>
   </div>
   <div class='ocr_carea' id='block_1_3' title="bbox 89 263 1719 1864">
    <p class='ocr_par' dir='ltr' id='par_1_3' title="bbox 89 263 1713 456">
     <span class='ocr_line' id='line_1_3' title="bbox 93 263 1712 316; baseline -0.001 -13"><span class='ocrx_word' id='word_1_3' title='bbox 93 263 200 304; x_wconf 90' lang='lat' dir='ltr'>actio</span> <span class='ocrx_word' id='word_1_4' title='bbox 231 263 485 316; x_wconf 86' lang='lat' dir='ltr'>paratactice</span> <span class='ocrx_word' id='word_1_5' title='bbox 519 264 757 312; x_wconf 80' lang='lat' dir='ltr'>collocatur,</span> <span class='ocrx_word' id='word_1_6' title='bbox 790 264 863 305; x_wconf 89' lang='lat' dir='ltr'>sed</span> <span class='ocrx_word' id='word_1_7' title='bbox 883 264 1051 305; x_wconf 91' lang='lat' dir='ltr'>notione</span> <span class='ocrx_word' id='word_1_8' title='bbox 1085 276 1161 304; x_wconf 88' lang='lat' dir='ltr'>sua</span> <span class='ocrx_word' id='word_1_9' title='bbox 1193 276 1241 304; x_wconf 91' lang='lat' dir='ltr'>ac</span> <span class='ocrx_word' id='word_1_10' title='bbox 1273 263 1313 304; x_wconf 87' lang='lat' dir='ltr'>vi</span> <span class='ocrx_word' id='word_1_11' title='bbox 1343 263 1606 316; x_wconf 84' lang='lat' dir='ltr'>hypotactice</span> <span class='ocrx_word' id='word_1_12' title='bbox 1638 274 1712 315; x_wconf 88' lang='lat' dir='ltr'>per</span> 
     </span>
     <span class='ocr_line' id='line_1_4' title="bbox 89 325 1713 394; baseline -0.001 -21"><span class='ocrx_word' id='word_1_13' title='bbox 89 333 196 373; x_wconf 88' lang='lat' dir='ltr'>illud</span> <span class='ocrx_word' id='word_1_14' title='bbox 232 325 368 394; x_wconf 52' lang='lat' dir='ltr'>c-que&#39;</span> <span class='ocrx_word' id='word_1_15' title='bbox 405 333 579 374; x_wconf 88' lang='lat' dir='ltr'>ultimae</span> <span class='ocrx_word' id='word_1_16' title='bbox 613 346 718 386; x_wconf 89' lang='lat' dir='ltr'>quae</span> <span class='ocrx_word' id='word_1_17' title='bbox 751 334 847 375; x_wconf 90' lang='lat' dir='ltr'>inde</span> <span class='ocrx_word' id='word_1_18' title='bbox 881 334 1051 375; x_wconf 91' lang='lat' dir='ltr'>demum</span> <span class='ocrx_word' id='word_1_19' title='bbox 1083 333 1262 375; x_wconf 85' lang='lat' dir='ltr'>efficitur</span> <span class='ocrx_word' id='word_1_20' title='bbox 1304 333 1457 374; x_wconf 90' lang='lat' dir='ltr'>actioni</span> <span class='ocrx_word' id='word_1_21' title='bbox 1498 333 1713 384; x_wconf 83' lang='lat' dir='ltr'>subiungi-</span> 
     </span>
     <span class='ocr_line' id='line_1_5' title="bbox 89 402 1682 456; baseline -0.001 -13"><span class='ocrx_word' id='word_1_22' title='bbox 89 404 174 443; x_wconf 88' lang='lat' dir='ltr'>tur.</span> <span class='ocrx_word' id='word_1_23' title='bbox 221 403 315 444; x_wconf 86' lang='lat' dir='ltr'>Non</span> <span class='ocrx_word' id='word_1_24' title='bbox 336 403 465 456; x_wconf 83' lang='lat' dir='ltr'>igitur</span> <span class='ocrx_word' id='word_1_25' title='bbox 487 403 646 456; x_wconf 87' lang='lat' dir='ltr'>aliquid</span> <span class='ocrx_word' id='word_1_26' title='bbox 667 404 927 445; x_wconf 76' lang='lat' dir='ltr'>intercidisse</span> <span class='ocrx_word' id='word_1_27' title='bbox 952 417 1048 445; x_wconf 91' lang='lat' dir='ltr'>cum</span> <span class='ocrx_word' id='word_1_28' title='bbox 1070 403 1327 445; x_wconf 87' lang='lat' dir='ltr'>Baehrensio</span> <span class='ocrx_word' id='word_1_29' title='bbox 1351 402 1554 456; x_wconf 88' lang='lat' dir='ltr'>suspicari</span> <span class='ocrx_word' id='word_1_30' title='bbox 1574 402 1682 443; x_wconf 86' lang='lat' dir='ltr'>licet.</span> 
     </span>
    </p>

    <p class='ocr_par' dir='ltr' id='par_1_4' title="bbox 89 473 1719 1864">
     <span class='ocr_line' id='line_1_6' title="bbox 210 473 1714 527; baseline -0.001 -13"><span class='ocrx_word' id='word_1_31' title='bbox 210 474 339 514; x_wconf 91' lang='lat' dir='ltr'>Locos</span> <span class='ocrx_word' id='word_1_32' title='bbox 373 486 477 526; x_wconf 89' lang='lat' dir='ltr'>quos</span> <span class='ocrx_word' id='word_1_33' title='bbox 510 474 578 515; x_wconf 89' lang='grc'>1110</span> <span class='ocrx_word' id='word_1_34' title='bbox 610 474 790 515; x_wconf 84' lang='lat' dir='ltr'>tractavi</span> <span class='ocrx_word' id='word_1_35' title='bbox 833 487 881 515; x_wconf 73' lang='lat' dir='ltr'>ex</span> <span class='ocrx_word' id='word_1_36' title='bbox 922 474 1062 515; x_wconf 80' lang='lat' dir='ltr'>ordine</span> <span class='ocrx_word' id='word_1_37' title='bbox 1104 476 1343 527; x_wconf 86' lang='lat' dir='ltr'>temporum</span> <span class='ocrx_word' id='word_1_38' title='bbox 1382 473 1492 514; x_wconf 88' lang='lat' dir='ltr'>inter</span> <span class='ocrx_word' id='word_1_39' title='bbox 1533 484 1575 513; x_wconf 91' lang='lat' dir='ltr'>se</span> <span class='ocrx_word' id='word_1_40' title='bbox 1618 484 1714 513; x_wconf 93' lang='lat' dir='ltr'>con-</span> 
     </span>
     <span class='ocr_line' id='line_1_7' title="bbox 90 541 1712 597; baseline -0.001 -13"><span class='ocrx_word' id='word_1_41' title='bbox 90 543 330 585; x_wconf 89' lang='lat' dir='ltr'>iunctorum</span> <span class='ocrx_word' id='word_1_42' title='bbox 363 544 586 597; x_wconf 88' lang='lat' dir='ltr'>composui,</span> <span class='ocrx_word' id='word_1_43' title='bbox 620 557 703 585; x_wconf 92' lang='lat' dir='ltr'>non</span> <span class='ocrx_word' id='word_1_44' title='bbox 737 545 834 597; x_wconf 87' lang='lat' dir='ltr'>quia</span> <span class='ocrx_word' id='word_1_45' title='bbox 875 545 978 585; x_wconf 90' lang='lat' dir='ltr'>haec</span> <span class='ocrx_word' id='word_1_46' title='bbox 1019 546 1258 597; x_wconf 87' lang='lat' dir='ltr'>temporum</span> <span class='ocrx_word' id='word_1_47' title='bbox 1303 543 1579 595; x_wconf 76' lang='lat' dir='ltr'>aequabilitas</span> <span class='ocrx_word' id='word_1_48' title='bbox 1620 541 1712 583; x_wconf 85' lang='lat' dir='ltr'>fons</span> 
     </span>
     <span class='ocr_line' id='line_1_8' title="bbox 91 612 1713 666; baseline -0.002 -11"><span class='ocrx_word' id='word_1_49' title='bbox 91 615 135 655; x_wconf 88' lang='lat' dir='ltr'>et</span> <span class='ocrx_word' id='word_1_50' title='bbox 167 614 278 666; x_wconf 85' lang='lat' dir='ltr'>origo</span> <span class='ocrx_word' id='word_1_51' title='bbox 311 614 399 654; x_wconf 91' lang='lat' dir='ltr'>eius</span> <span class='ocrx_word' id='word_1_52' title='bbox 423 615 742 655; x_wconf 79' lang='lat' dir='ltr'>constructionis</span> <span class='ocrx_word' id='word_1_53' title='bbox 774 614 878 655; x_wconf 88' lang='lat' dir='ltr'>mihi</span> <span class='ocrx_word' id='word_1_54' title='bbox 911 626 1000 655; x_wconf 90' lang='lat' dir='ltr'>esse</span> <span class='ocrx_word' id='word_1_55' title='bbox 1033 613 1256 662; x_wconf 82' lang='lat' dir='ltr'>videretur,</span> <span class='ocrx_word' id='word_1_56' title='bbox 1289 613 1361 653; x_wconf 87' lang='lat' dir='ltr'>sed</span> <span class='ocrx_word' id='word_1_57' title='bbox 1393 625 1444 653; x_wconf 91' lang='lat' dir='ltr'>ne</span> <span class='ocrx_word' id='word_1_58' title='bbox 1476 612 1713 653; x_wconf 79' lang='lat' dir='ltr'>recederem</span> 
     </span>
     <span class='ocr_line' id='line_1_9' title="bbox 89 682 1714 737; baseline -0.001 -13"><span class='ocrx_word' id='word_1_59' title='bbox 89 684 132 724; x_wconf 90' lang='lat' dir='ltr'>in</span> <span class='ocrx_word' id='word_1_60' title='bbox 153 685 390 737; x_wconf 89' lang='lat' dir='ltr'>praesentia</span> <span class='ocrx_word' id='word_1_61' title='bbox 414 697 437 725; x_wconf 87' lang='lat' dir='ltr'>a</span> <span class='ocrx_word' id='word_1_62' title='bbox 460 684 669 726; x_wconf 89' lang='lat' dir='ltr'>tralaticia</span> <span class='ocrx_word' id='word_1_63' title='bbox 692 685 874 737; x_wconf 87' lang='lat' dir='ltr'>quadam</span> <span class='ocrx_word' id='word_1_64' title='bbox 896 684 1269 737; x_wconf 85' lang='lat' dir='ltr'>grammaticorum</span> <span class='ocrx_word' id='word_1_65' title='bbox 1291 683 1477 724; x_wconf 88' lang='lat' dir='ltr'>doctrina</span> <span class='ocrx_word' id='word_1_66' title='bbox 1494 683 1536 722; x_wconf 90' lang='lat' dir='ltr'>in</span> <span class='ocrx_word' id='word_1_67' title='bbox 1555 682 1714 734; x_wconf 82' lang='lat' dir='ltr'>generi-</span> 
     </span>
     <span class='ocr_line' id='line_1_10' title="bbox 90 753 1714 807; baseline -0.002 -12"><span class='ocrx_word' id='word_1_68' title='bbox 90 754 168 795; x_wconf 85' lang='lat' dir='ltr'>bus</span> <span class='ocrx_word' id='word_1_69' title='bbox 202 755 289 795; x_wconf 87' lang='lat' dir='ltr'>eius</span> <span class='ocrx_word' id='word_1_70' title='bbox 321 767 422 795; x_wconf 90' lang='lat' dir='ltr'>usus</span> <span class='ocrx_word' id='word_1_71' title='bbox 456 755 770 796; x_wconf 85' lang='lat' dir='ltr'>distribuendis.</span> <span class='ocrx_word' id='word_1_72' title='bbox 843 756 899 795; x_wconf 88' lang='lat' dir='ltr'>At</span> <span class='ocrx_word' id='word_1_73' title='bbox 938 755 1042 795; x_wconf 88' lang='lat' dir='ltr'>mihi</span> <span class='ocrx_word' id='word_1_74' title='bbox 1079 754 1160 807; x_wconf 91' lang='lat' dir='ltr'>ipsi</span> <span class='ocrx_word' id='word_1_75' title='bbox 1199 753 1408 795; x_wconf 85' lang='lat' dir='ltr'>contraria</span> <span class='ocrx_word' id='word_1_76' title='bbox 1449 753 1555 793; x_wconf 88' lang='lat' dir='ltr'>ratio</span> <span class='ocrx_word' id='word_1_77' title='bbox 1599 753 1714 793; x_wconf 89' lang='lat' dir='ltr'>certa</span> 
     </span>
     <span class='ocr_line' id='line_1_11' title="bbox 89 822 1713 878; baseline -0.002 -12"><span class='ocrx_word' id='word_1_78' title='bbox 89 826 156 866; x_wconf 90' lang='lat' dir='ltr'>est</span> <span class='ocrx_word' id='word_1_79' title='bbox 189 826 230 866; x_wconf 89' lang='lat' dir='ltr'>et</span> <span class='ocrx_word' id='word_1_80' title='bbox 262 826 486 878; x_wconf 77' lang='lat' dir='ltr'>explorata,</span> <span class='ocrx_word' id='word_1_81' title='bbox 519 826 866 878; x_wconf 77' lang='lat' dir='ltr'>aequabilitatem</span> <span class='ocrx_word' id='word_1_82' title='bbox 896 825 1013 866; x_wconf 88' lang='lat' dir='ltr'>illam</span> <span class='ocrx_word' id='word_1_83' title='bbox 1042 825 1318 878; x_wconf 86' lang='lat' dir='ltr'>temporalem</span> <span class='ocrx_word' id='word_1_84' title='bbox 1341 836 1389 865; x_wconf 90' lang='lat' dir='ltr'>ea</span> <span class='ocrx_word' id='word_1_85' title='bbox 1412 822 1713 864; x_wconf 87' lang='lat' dir='ltr'>coniunctionis</span> 
     </span>
     <span class='ocr_line' id='line_1_12' title="bbox 94 887 1714 956; baseline -0.002 -20"><span class='ocrx_word' id='word_1_86' title='bbox 94 887 262 956; x_wconf 54' lang='lat' dir='ltr'>‘quom&#39;</span> <span class='ocrx_word' id='word_1_87' title='bbox 297 896 337 936; x_wconf 89' lang='lat' dir='ltr'>vi</span> <span class='ocrx_word' id='word_1_88' title='bbox 368 896 511 937; x_wconf 86' lang='lat' dir='ltr'>nativa</span> <span class='ocrx_word' id='word_1_89' title='bbox 543 897 653 937; x_wconf 92' lang='lat' dir='ltr'>ultro</span> <span class='ocrx_word' id='word_1_90' title='bbox 687 895 804 945; x_wconf 88' lang='lat' dir='ltr'>effici,</span> <span class='ocrx_word' id='word_1_91' title='bbox 836 908 920 936; x_wconf 92' lang='lat' dir='ltr'>non</span> <span class='ocrx_word' id='word_1_92' title='bbox 951 896 1088 949; x_wconf 87' lang='lat' dir='ltr'>ipsam</span> <span class='ocrx_word' id='word_1_93' title='bbox 1120 895 1209 936; x_wconf 90' lang='lat' dir='ltr'>eius</span> <span class='ocrx_word' id='word_1_94' title='bbox 1242 895 1327 935; x_wconf 78' lang='lat' dir='ltr'>vim</span> <span class='ocrx_word' id='word_1_95' title='bbox 1358 894 1431 935; x_wconf 87' lang='lat' dir='ltr'>illa</span> <span class='ocrx_word' id='word_1_96' title='bbox 1454 893 1570 942; x_wconf 86' lang='lat' dir='ltr'>effici,</span> <span class='ocrx_word' id='word_1_97' title='bbox 1605 892 1714 945; x_wconf 89' lang='lat' dir='ltr'>quod</span> 
     </span>
     <span class='ocr_line' id='line_1_13' title="bbox 91 963 1714 1018; baseline -0.002 -12"><span class='ocrx_word' id='word_1_98' title='bbox 91 965 228 1006; x_wconf 78' lang='lat' dir='ltr'>visum</span> <span class='ocrx_word' id='word_1_99' title='bbox 275 968 339 1007; x_wconf 87' lang='lat' dir='ltr'>est</span> <span class='ocrx_word' id='word_1_100' title='bbox 386 967 547 1008; x_wconf 89' lang='lat' dir='ltr'>auctori</span> <span class='ocrx_word' id='word_1_101' title='bbox 601 967 689 1007; x_wconf 87' lang='lat' dir='ltr'>eius</span> <span class='ocrx_word' id='word_1_102' title='bbox 746 966 959 1007; x_wconf 88' lang='lat' dir='ltr'>doctrinae</span> <span class='ocrx_word' id='word_1_103' title='bbox 1007 965 1254 1018; x_wconf 85' lang='lat' dir='ltr'>gravissimo</span> <span class='ocrx_word' id='word_1_104' title='bbox 1313 965 1404 1005; x_wconf 91' lang='lat' dir='ltr'>Em.</span> <span class='ocrx_word' id='word_1_105' title='bbox 1451 963 1714 1004; x_wconf 86' lang='lat' dir='ltr'>Hoffmanno.</span> 
     </span>
     <span class='ocr_line' id='line_1_14' title="bbox 92 1033 1713 1089; baseline -0.002 -12"><span class='ocrx_word' id='word_1_106' title='bbox 92 1034 361 1089; x_wconf 79' lang='lat' dir='ltr'>Quamquam</span> <span class='ocrx_word' id='word_1_107' title='bbox 392 1049 475 1077; x_wconf 86' lang='lat' dir='ltr'>non</span> <span class='ocrx_word' id='word_1_108' title='bbox 505 1037 742 1077; x_wconf 86' lang='lat' dir='ltr'>necessaria</span> <span class='ocrx_word' id='word_1_109' title='bbox 775 1045 839 1077; x_wconf 80' lang='lat' dir='ltr'>est</span> <span class='ocrx_word' id='word_1_110' title='bbox 871 1036 1037 1076; x_wconf 90' lang='lat' dir='ltr'>omnino</span> <span class='ocrx_word' id='word_1_111' title='bbox 1078 1048 1152 1088; x_wconf 88' lang='lat' dir='ltr'>per</span> <span class='ocrx_word' id='word_1_112' title='bbox 1194 1047 1361 1076; x_wconf 88' lang='lat' dir='ltr'>omnem</span> <span class='ocrx_word' id='word_1_113' title='bbox 1403 1035 1492 1075; x_wconf 89' lang='lat' dir='ltr'>eius</span> <span class='ocrx_word' id='word_1_114' title='bbox 1534 1033 1713 1074; x_wconf 90' lang='lat' dir='ltr'>notionis</span> 
     </span>
     <span class='ocr_line' id='line_1_15' title="bbox 91 1106 1714 1160; baseline -0.001 -14"><span class='ocrx_word' id='word_1_115' title='bbox 91 1106 338 1147; x_wconf 76' lang='lat' dir='ltr'>varietatem</span> <span class='ocrx_word' id='word_1_116' title='bbox 370 1108 607 1160; x_wconf 89' lang='lat' dir='ltr'>temporum</span> <span class='ocrx_word' id='word_1_117' title='bbox 640 1106 919 1158; x_wconf 85' lang='lat' dir='ltr'>aequabilitas</span> <span class='ocrx_word' id='word_1_118' title='bbox 951 1119 1028 1147; x_wconf 91' lang='lat' dir='ltr'>nec</span> <span class='ocrx_word' id='word_1_119' title='bbox 1059 1106 1214 1158; x_wconf 90' lang='lat' dir='ltr'>ubique</span> <span class='ocrx_word' id='word_1_120' title='bbox 1259 1106 1470 1153; x_wconf 82' lang='lat' dir='ltr'>servatur,</span> <span class='ocrx_word' id='word_1_121' title='bbox 1513 1106 1657 1145; x_wconf 88' lang='lat' dir='ltr'>tamen</span> <span class='ocrx_word' id='word_1_122' title='bbox 1694 1115 1714 1145; x_wconf 93' lang='lat' dir='ltr'>e</span> 
     </span>
     <span class='ocr_line' id='line_1_16' title="bbox 89 1173 1716 1238; baseline -0.001 -22"><span class='ocrx_word' id='word_1_123' title='bbox 89 1177 243 1217; x_wconf 86' lang='lat' dir='ltr'>natura</span> <span class='ocrx_word' id='word_1_124' title='bbox 275 1188 322 1218; x_wconf 87' lang='lat' dir='ltr'>ac</span> <span class='ocrx_word' id='word_1_125' title='bbox 353 1177 513 1218; x_wconf 88' lang='lat' dir='ltr'>ratione</span> <span class='ocrx_word' id='word_1_126' title='bbox 537 1177 625 1218; x_wconf 90' lang='lat' dir='ltr'>eius</span> <span class='ocrx_word' id='word_1_127' title='bbox 648 1176 873 1225; x_wconf 89' lang='lat' dir='ltr'>relationis,</span> <span class='ocrx_word' id='word_1_128' title='bbox 907 1188 990 1229; x_wconf 88' lang='lat' dir='ltr'>qua</span> <span class='ocrx_word' id='word_1_129' title='bbox 1011 1188 1085 1229; x_wconf 88' lang='lat' dir='ltr'>per</span> <span class='ocrx_word' id='word_1_130' title='bbox 1121 1173 1257 1238; x_wconf 46' lang='lat' dir='ltr'>‘cum&#39;</span> <span class='ocrx_word' id='word_1_131' title='bbox 1294 1175 1374 1216; x_wconf 90' lang='lat' dir='ltr'>duo</span> <span class='ocrx_word' id='word_1_132' title='bbox 1396 1175 1585 1216; x_wconf 86' lang='lat' dir='ltr'>membra</span> <span class='ocrx_word' id='word_1_133' title='bbox 1606 1174 1716 1215; x_wconf 84' lang='lat' dir='ltr'>inter</span> 
     </span>
     <span class='ocr_line' id='line_1_17' title="bbox 90 1245 1715 1300; baseline -0.001 -13"><span class='ocrx_word' id='word_1_134' title='bbox 90 1258 136 1287; x_wconf 85' lang='lat' dir='ltr'>se</span> <span class='ocrx_word' id='word_1_135' title='bbox 169 1247 489 1299; x_wconf 85' lang='lat' dir='ltr'>coniunguntur,</span> <span class='ocrx_word' id='word_1_136' title='bbox 523 1250 587 1288; x_wconf 93' lang='lat' dir='ltr'>est</span> <span class='ocrx_word' id='word_1_137' title='bbox 619 1260 890 1300; x_wconf 90' lang='lat' dir='ltr'>consequens.</span> <span class='ocrx_word' id='word_1_138' title='bbox 952 1247 1034 1288; x_wconf 85' lang='lat' dir='ltr'>Res</span> <span class='ocrx_word' id='word_1_139' title='bbox 1068 1247 1196 1299; x_wconf 84' lang='lat' dir='ltr'>igitur</span> <span class='ocrx_word' id='word_1_140' title='bbox 1230 1247 1287 1287; x_wconf 90' lang='lat' dir='ltr'>sic</span> <span class='ocrx_word' id='word_1_141' title='bbox 1318 1246 1458 1299; x_wconf 89' lang='lat' dir='ltr'>potius</span> <span class='ocrx_word' id='word_1_142' title='bbox 1501 1257 1543 1286; x_wconf 93' lang='lat' dir='ltr'>se</span> <span class='ocrx_word' id='word_1_143' title='bbox 1576 1245 1715 1293; x_wconf 89' lang='lat' dir='ltr'>habet,</span> 
     </span>
     <span class='ocr_line' id='line_1_18' title="bbox 89 1303 1717 1371; baseline -0.001 -14"><span class='ocrx_word' id='word_1_144' title='bbox 89 1303 141 1357; x_wconf 81' lang='lat' dir='ltr'>ut</span> <span class='ocrx_word' id='word_1_145' title='bbox 171 1317 251 1358; x_wconf 90' lang='lat' dir='ltr'>hac</span> <span class='ocrx_word' id='word_1_146' title='bbox 291 1318 487 1359; x_wconf 87' lang='lat' dir='ltr'>iunctura</span> <span class='ocrx_word' id='word_1_147' title='bbox 528 1318 805 1371; x_wconf 88' lang='lat' dir='ltr'>aequabilitas</span> <span class='ocrx_word' id='word_1_148' title='bbox 848 1319 1087 1371; x_wconf 90' lang='lat' dir='ltr'>temporum</span> <span class='ocrx_word' id='word_1_149' title='bbox 1128 1317 1355 1365; x_wconf 86' lang='lat' dir='ltr'>efficiatur,</span> <span class='ocrx_word' id='word_1_150' title='bbox 1402 1328 1484 1357; x_wconf 89' lang='lat' dir='ltr'>non</span> <span class='ocrx_word' id='word_1_151' title='bbox 1525 1318 1573 1356; x_wconf 90' lang='lat' dir='ltr'>ut</span> <span class='ocrx_word' id='word_1_152' title='bbox 1614 1315 1717 1356; x_wconf 87' lang='lat' dir='ltr'>haec</span> 
     </span>
     <span class='ocr_line' id='line_1_19' title="bbox 91 1387 1718 1441; baseline -0.001 -14"><span class='ocrx_word' id='word_1_153' title='bbox 91 1387 211 1428; x_wconf 87' lang='lat' dir='ltr'>illam</span> <span class='ocrx_word' id='word_1_154' title='bbox 242 1387 406 1429; x_wconf 83' lang='lat' dir='ltr'>efficiat.</span> <span class='ocrx_word' id='word_1_155' title='bbox 481 1388 743 1441; x_wconf 88' lang='lat' dir='ltr'>Omninoque</span> <span class='ocrx_word' id='word_1_156' title='bbox 786 1400 914 1440; x_wconf 89' lang='lat' dir='ltr'>quam</span> <span class='ocrx_word' id='word_1_157' title='bbox 953 1400 1036 1428; x_wconf 92' lang='lat' dir='ltr'>non</span> <span class='ocrx_word' id='word_1_158' title='bbox 1077 1388 1378 1440; x_wconf 85' lang='lat' dir='ltr'>intellegantur</span> <span class='ocrx_word' id='word_1_159' title='bbox 1420 1387 1543 1438; x_wconf 75' lang='lat' dir='ltr'>vulgo</span> <span class='ocrx_word' id='word_1_160' title='bbox 1587 1398 1718 1427; x_wconf 88' lang='lat' dir='ltr'>enun-</span> 
     </span>
     <span class='ocr_line' id='line_1_20' title="bbox 93 1445 1717 1521; baseline -0.001 -23"><span class='ocrx_word' id='word_1_161' title='bbox 93 1458 200 1498; x_wconf 87' lang='lat' dir='ltr'>tiata</span> <span class='ocrx_word' id='word_1_162' title='bbox 231 1459 391 1499; x_wconf 88' lang='lat' dir='ltr'>binaria</span> <span class='ocrx_word' id='word_1_163' title='bbox 422 1471 496 1512; x_wconf 90' lang='lat' dir='ltr'>per</span> <span class='ocrx_word' id='word_1_164' title='bbox 532 1452 698 1521; x_wconf 47' lang='lat' dir='ltr'>‘quom&#39;</span> <span class='ocrx_word' id='word_1_165' title='bbox 735 1459 949 1511; x_wconf 86' lang='lat' dir='ltr'>copulata,</span> <span class='ocrx_word' id='word_1_166' title='bbox 992 1458 1225 1499; x_wconf 89' lang='lat' dir='ltr'>ostendunt</span> <span class='ocrx_word' id='word_1_167' title='bbox 1263 1470 1309 1499; x_wconf 91' lang='lat' dir='ltr'>ea</span> <span class='ocrx_word' id='word_1_168' title='bbox 1351 1445 1457 1509; x_wconf 70' lang='lat' dir='ltr'>quae</span> <span class='ocrx_word' id='word_1_169' title='bbox 1498 1458 1546 1497; x_wconf 89' lang='lat' dir='ltr'>A.</span> <span class='ocrx_word' id='word_1_170' title='bbox 1578 1456 1717 1497; x_wconf 86' lang='lat' dir='ltr'>Reeck</span> 
     </span>
     <span class='ocr_line' id='line_1_21' title="bbox 91 1525 1718 1581; baseline -0.001 -13"><span class='ocrx_word' id='word_1_171' title='bbox 91 1526 295 1581; x_wconf 71' lang='lat' dir='ltr'>Beitrc&#39;iye</span> <span class='ocrx_word' id='word_1_172' title='bbox 334 1541 412 1570; x_wconf 67' lang='lat' dir='ltr'>zur</span> <span class='ocrx_word' id='word_1_173' title='bbox 453 1527 621 1581; x_wconf 72' lang='lat' dir='ltr'>Syntax</span> <span class='ocrx_word' id='word_1_174' title='bbox 666 1528 736 1569; x_wconf 78' lang='lat' dir='ltr'>des</span> <span class='ocrx_word' id='word_1_175' title='bbox 782 1526 935 1569; x_wconf 71' lang='lat' dir='ltr'>catull.</span> <span class='ocrx_word' id='word_1_176' title='bbox 981 1527 1222 1569; x_wconf 73' lang='lat' dir='ltr'>Jahresber.</span> <span class='ocrx_word' id='word_1_177' title='bbox 1270 1527 1341 1568; x_wconf 81' lang='lat' dir='ltr'>des</span> <span class='ocrx_word' id='word_1_178' title='bbox 1372 1525 1618 1579; x_wconf 70' lang='lat' dir='ltr'>Realyynm.</span> <span class='ocrx_word' id='word_1_179' title='bbox 1665 1538 1718 1567; x_wconf 68' lang='lat' dir='ltr'>zu</span> 
     </span>
     <span class='ocr_line' id='line_1_22' title="bbox 95 1597 1719 1653; baseline -0.001 -14"><span class='ocrx_word' id='word_1_180' title='bbox 95 1597 331 1652; x_wconf 71' lang='lat' dir='ltr'>Bromberq</span> <span class='ocrx_word' id='word_1_181' title='bbox 377 1604 487 1642; x_wconf 87' lang='grc'>1889</span> <span class='ocrx_word' id='word_1_182' title='bbox 530 1613 568 1653; x_wconf 91' lang='lat' dir='ltr'>p.</span> <span class='ocrx_word' id='word_1_183' title='bbox 612 1604 795 1642; x_wconf 81' lang='lat'>10-12.</span> <span class='ocrx_word' id='word_1_184' title='bbox 839 1605 892 1640; x_wconf 83' lang='lat'>14</span> <span class='ocrx_word' id='word_1_185' title='bbox 931 1599 1139 1640; x_wconf 85' lang='lat' dir='ltr'>disseruit.</span> <span class='ocrx_word' id='word_1_186' title='bbox 1202 1597 1381 1639; x_wconf 82' lang='lat' dir='ltr'>Secutus</span> <span class='ocrx_word' id='word_1_187' title='bbox 1423 1599 1486 1638; x_wconf 89' lang='lat' dir='ltr'>est</span> <span class='ocrx_word' id='word_1_188' title='bbox 1517 1597 1719 1649; x_wconf 86' lang='lat' dir='ltr'>Draegeri</span> 
     </span>
     <span class='ocr_line' id='line_1_23' title="bbox 92 1668 1718 1723; baseline -0.001 -13"><span class='ocrx_word' id='word_1_189' title='bbox 92 1668 380 1711; x_wconf 86' lang='lat' dir='ltr'>distinctiones</span> <span class='ocrx_word' id='word_1_190' title='bbox 414 1672 455 1711; x_wconf 87' lang='lat' dir='ltr'>et</span> <span class='ocrx_word' id='word_1_191' title='bbox 486 1670 863 1723; x_wconf 84' lang='lat' dir='ltr'>interpretationes,</span> <span class='ocrx_word' id='word_1_192' title='bbox 897 1670 1048 1722; x_wconf 89' lang='lat' dir='ltr'>quibus</span> <span class='ocrx_word' id='word_1_193' title='bbox 1081 1681 1179 1710; x_wconf 82' lang='lat' dir='ltr'>vera</span> <span class='ocrx_word' id='word_1_194' title='bbox 1211 1668 1384 1709; x_wconf 87' lang='lat' dir='ltr'>rationis</span> <span class='ocrx_word' id='word_1_195' title='bbox 1418 1668 1718 1721; x_wconf 80' lang='lat' dir='ltr'>grammaticae</span> 
     </span>
     <span class='ocr_line' id='line_1_24' title="bbox 95 1738 1719 1793; baseline -0.001 -13"><span class='ocrx_word' id='word_1_196' title='bbox 95 1740 275 1792; x_wconf 85' lang='lat' dir='ltr'>cognitio</span> <span class='ocrx_word' id='word_1_197' title='bbox 308 1741 442 1793; x_wconf 85' lang='lat' dir='ltr'>magis</span> <span class='ocrx_word' id='word_1_198' title='bbox 476 1741 724 1782; x_wconf 87' lang='lat' dir='ltr'>obscuratur</span> <span class='ocrx_word' id='word_1_199' title='bbox 768 1752 896 1792; x_wconf 90' lang='lat' dir='ltr'>quam</span> <span class='ocrx_word' id='word_1_200' title='bbox 935 1740 1188 1780; x_wconf 88' lang='lat' dir='ltr'>illustratur.</span> <span class='ocrx_word' id='word_1_201' title='bbox 1252 1738 1333 1780; x_wconf 86' lang='lat' dir='ltr'>Sed</span> <span class='ocrx_word' id='word_1_202' title='bbox 1375 1751 1422 1780; x_wconf 90' lang='lat' dir='ltr'>ea</span> <span class='ocrx_word' id='word_1_203' title='bbox 1465 1738 1603 1779; x_wconf 89' lang='lat' dir='ltr'>omnia</span> <span class='ocrx_word' id='word_1_204' title='bbox 1642 1738 1719 1779; x_wconf 88' lang='lat' dir='ltr'>hoc</span> 
     </span>
     <span class='ocr_line' id='line_1_25' title="bbox 92 1809 943 1864; baseline -0.001 -13"><span class='ocrx_word' id='word_1_205' title='bbox 92 1809 181 1851; x_wconf 90' lang='lat' dir='ltr'>loco</span> <span class='ocrx_word' id='word_1_206' title='bbox 213 1811 408 1864; x_wconf 89' lang='lat' dir='ltr'>persequi</span> <span class='ocrx_word' id='word_1_207' title='bbox 439 1824 521 1852; x_wconf 92' lang='lat' dir='ltr'>non</span> <span class='ocrx_word' id='word_1_208' title='bbox 554 1813 835 1864; x_wconf 85' lang='lat' dir='ltr'>opportunum</span> <span class='ocrx_word' id='word_1_209' title='bbox 869 1812 943 1851; x_wconf 85' lang='lat' dir='ltr'>est.</span> 
     </span>
    </p>
   </div>
   <div class='ocr_carea' id='block_1_4' title="bbox 95 1949 1723 2842">
    <p class='ocr_par' dir='ltr' id='par_1_5' title="bbox 95 1949 1721 2213">
     <span class='ocr_line' id='line_1_26' title="bbox 215 1949 1718 2003; baseline -0.002 -11"><span class='ocrx_word' id='word_1_210' title='bbox 215 1951 463 1993; x_wconf 87' lang='lat' dir='ltr'>Catullianis</span> <span class='ocrx_word' id='word_1_211' title='bbox 498 1952 698 1993; x_wconf 88' lang='lat' dir='ltr'>accedant</span> <span class='ocrx_word' id='word_1_212' title='bbox 726 1952 1039 1993; x_wconf 88' lang='lat' dir='ltr'>Tibulliana</span> <span class='ocrx_word' id='word_1_213' title='bbox 1073 1950 1294 2003; x_wconf 86' lang='lat' dir='ltr'>quaedam.</span> <span class='ocrx_word' id='word_1_214' title='bbox 1355 1949 1575 1990; x_wconf 75' lang='lat' dir='ltr'>Eximendi</span> <span class='ocrx_word' id='word_1_215' title='bbox 1607 1949 1718 1990; x_wconf 88' lang='lat' dir='ltr'>enim</span> 
     </span>
     <span class='ocr_line' id='line_1_27' title="bbox 96 2013 1720 2083; baseline -0.002 -20"><span class='ocrx_word' id='word_1_216' title='bbox 96 2023 196 2063; x_wconf 91' lang='lat' dir='ltr'>sunt</span> <span class='ocrx_word' id='word_1_217' title='bbox 228 2035 276 2064; x_wconf 82' lang='lat' dir='ltr'>ex</span> <span class='ocrx_word' id='word_1_218' title='bbox 307 2022 440 2064; x_wconf 89' lang='lat' dir='ltr'>indice</span> <span class='ocrx_word' id='word_1_219' title='bbox 474 2023 659 2063; x_wconf 90' lang='lat' dir='ltr'>locorum</span> <span class='ocrx_word' id='word_1_220' title='bbox 691 2022 972 2063; x_wconf 87' lang='lat' dir='ltr'>coniunctioni</span> <span class='ocrx_word' id='word_1_221' title='bbox 1017 2013 1152 2083; x_wconf 48' lang='lat' dir='ltr'>‘cum&#39;</span> <span class='ocrx_word' id='word_1_222' title='bbox 1200 2020 1503 2068; x_wconf 89' lang='lat' dir='ltr'>subiectorum,</span> <span class='ocrx_word' id='word_1_223' title='bbox 1546 2019 1617 2072; x_wconf 87' lang='lat' dir='ltr'>qui</span> <span class='ocrx_word' id='word_1_224' title='bbox 1656 2020 1720 2060; x_wconf 90' lang='lat' dir='ltr'>est</span> 
     </span>
     <span class='ocr_line' id='line_1_28' title="bbox 95 2089 1721 2144; baseline -0.002 -10"><span class='ocrx_word' id='word_1_225' title='bbox 95 2093 140 2134; x_wconf 94' lang='lat' dir='ltr'>in</span> <span class='ocrx_word' id='word_1_226' title='bbox 170 2093 245 2134; x_wconf 88' lang='lat' dir='ltr'>Ed.</span> <span class='ocrx_word' id='word_1_227' title='bbox 285 2093 435 2134; x_wconf 90' lang='lat' dir='ltr'>Hilleri</span> <span class='ocrx_word' id='word_1_228' title='bbox 475 2093 753 2134; x_wconf 89' lang='lat' dir='ltr'>mundissima</span> <span class='ocrx_word' id='word_1_229' title='bbox 795 2093 1095 2144; x_wconf 87' lang='lat' dir='ltr'>recognitione,</span> <span class='ocrx_word' id='word_1_230' title='bbox 1136 2091 1179 2131; x_wconf 88' lang='lat' dir='ltr'>hi</span> <span class='ocrx_word' id='word_1_231' title='bbox 1218 2091 1298 2132; x_wconf 87' lang='lat' dir='ltr'>duo</span> <span class='ocrx_word' id='word_1_232' title='bbox 1330 2090 1351 2131; x_wconf 92' lang='lat' dir='ltr'>I</span> <span class='ocrx_word' id='word_1_233' title='bbox 1394 2096 1439 2135; x_wconf 85' lang='lat'>2,</span> <span class='ocrx_word' id='word_1_234' title='bbox 1488 2096 1540 2132; x_wconf 87' lang='lat'>76</span> <span class='ocrx_word' id='word_1_235' title='bbox 1590 2091 1631 2131; x_wconf 88' lang='lat' dir='ltr'>et</span> <span class='ocrx_word' id='word_1_236' title='bbox 1677 2089 1721 2130; x_wconf 89' lang='lat' dir='ltr'>II</span> 
     </span>
     <span class='ocr_line' id='line_1_29' title="bbox 98 2170 265 2213; baseline -0.012 -7"><span class='ocrx_word' id='word_1_237' title='bbox 98 2170 136 2213; x_wconf 84' lang='lat'>5,</span> <span class='ocrx_word' id='word_1_238' title='bbox 171 2170 265 2206; x_wconf 89' lang='lat'>110.</span> 
     </span>
    </p>

    <p class='ocr_par' dir='ltr' id='par_1_6' title="bbox 95 2231 1717 2358">
     <span class='ocr_line' id='line_1_30' title="bbox 214 2231 1717 2287; baseline -0.003 -11"><span class='ocrx_word' id='word_1_239' title='bbox 214 2236 352 2287; x_wconf 89' lang='lat' dir='ltr'>Atque</span> <span class='ocrx_word' id='word_1_240' title='bbox 384 2235 427 2276; x_wconf 91' lang='lat' dir='ltr'>in</span> <span class='ocrx_word' id='word_1_241' title='bbox 458 2235 528 2276; x_wconf 93' lang='lat' dir='ltr'>illo</span> <span class='ocrx_word' id='word_1_242' title='bbox 560 2235 647 2276; x_wconf 92' lang='lat' dir='ltr'>loco</span> <span class='ocrx_word' id='word_1_243' title='bbox 680 2246 825 2275; x_wconf 88' lang='lat' dir='ltr'>versus</span> <span class='ocrx_word' id='word_1_244' title='bbox 860 2238 1033 2275; x_wconf 77' lang='lat'>70—74</span> <span class='ocrx_word' id='word_1_245' title='bbox 1068 2234 1179 2274; x_wconf 86' lang='lat' dir='ltr'>recte</span> <span class='ocrx_word' id='word_1_246' title='bbox 1213 2233 1264 2273; x_wconf 86' lang='lat' dir='ltr'>ab</span> <span class='ocrx_word' id='word_1_247' title='bbox 1296 2231 1456 2273; x_wconf 88' lang='lat' dir='ltr'>Hillero</span> <span class='ocrx_word' id='word_1_248' title='bbox 1499 2231 1717 2272; x_wconf 89' lang='lat' dir='ltr'>distinctos</span> 
     </span>
     <span class='ocr_line' id='line_1_31' title="bbox 95 2305 834 2358; baseline -0.003 -12"><span class='ocrx_word' id='word_1_249' title='bbox 95 2307 334 2358; x_wconf 88' lang='lat' dir='ltr'>sequuntur</span> <span class='ocrx_word' id='word_1_250' title='bbox 364 2306 408 2346; x_wconf 89' lang='lat' dir='ltr'>hi</span> <span class='ocrx_word' id='word_1_251' title='bbox 440 2317 585 2346; x_wconf 84' lang='lat' dir='ltr'>versus</span> <span class='ocrx_word' id='word_1_252' title='bbox 619 2305 704 2358; x_wconf 85' lang='lat'>(75.</span> <span class='ocrx_word' id='word_1_253' title='bbox 738 2305 834 2357; x_wconf 84' lang='lat'>76):</span> 
     </span>
    </p>

    <p class='ocr_par' dir='ltr' id='par_1_7' title="bbox 335 2372 1468 2428">
     <span class='ocr_line' id='line_1_32' title="bbox 335 2372 1468 2428; baseline -0.003 -12"><span class='ocrx_word' id='word_1_254' title='bbox 335 2375 450 2428; x_wconf 76' lang='lat' dir='ltr'>Quid</span> <span class='ocrx_word' id='word_1_255' title='bbox 486 2375 616 2428; x_wconf 74' lang='lat' dir='ltr'>Tyrio</span> <span class='ocrx_word' id='word_1_256' title='bbox 646 2375 844 2416; x_wconf 76' lang='lat' dir='ltr'>recubare</span> <span class='ocrx_word' id='word_1_257' title='bbox 876 2377 961 2415; x_wconf 71' lang='lat' dir='ltr'>toro</span> <span class='ocrx_word' id='word_1_258' title='bbox 994 2373 1086 2415; x_wconf 72' lang='lat' dir='ltr'>sine</span> <span class='ocrx_word' id='word_1_259' title='bbox 1118 2385 1257 2414; x_wconf 76' lang='lat' dir='ltr'>amore</span> <span class='ocrx_word' id='word_1_260' title='bbox 1288 2372 1468 2414; x_wconf 75' lang='lat' dir='ltr'>secundo</span> 
     </span>
    </p>

    <p class='ocr_par' dir='ltr' id='par_1_8' title="bbox 96 2442 1723 2842">
     <span class='ocr_line' id='line_1_33' title="bbox 332 2442 1318 2499; baseline -0.004 -12"><span class='ocrx_word' id='word_1_261' title='bbox 332 2445 518 2496; x_wconf 78' lang='lat' dir='ltr'>Prodest,</span> <span class='ocrx_word' id='word_1_262' title='bbox 551 2459 644 2487; x_wconf 78' lang='lat' dir='ltr'>cum</span> <span class='ocrx_word' id='word_1_263' title='bbox 671 2447 771 2499; x_wconf 69' lang='lat' dir='ltr'>fletu</span> <span class='ocrx_word' id='word_1_264' title='bbox 801 2458 885 2486; x_wconf 72' lang='lat' dir='ltr'>nox</span> <span class='ocrx_word' id='word_1_265' title='bbox 915 2443 1138 2497; x_wconf 72' lang='lat' dir='ltr'>viyilanda</span> <span class='ocrx_word' id='word_1_266' title='bbox 1173 2442 1318 2486; x_wconf 74' lang='lat' dir='ltr'>venit?</span> 
     </span>
     <span class='ocr_line' id='line_1_34' title="bbox 96 2516 1721 2568; baseline -0.003 -10"><span class='ocrx_word' id='word_1_267' title='bbox 96 2518 170 2559; x_wconf 92' lang='lat' dir='ltr'>ubi</span> <span class='ocrx_word' id='word_1_268' title='bbox 189 2516 290 2567; x_wconf 77' lang='lat' dir='ltr'>fletu</span> <span class='ocrx_word' id='word_1_269' title='bbox 309 2518 414 2558; x_wconf 90' lang='lat' dir='ltr'>nihil</span> <span class='ocrx_word' id='word_1_270' title='bbox 437 2517 551 2558; x_wconf 91' lang='lat' dir='ltr'>aliud</span> <span class='ocrx_word' id='word_1_271' title='bbox 572 2517 653 2558; x_wconf 89' lang='lat' dir='ltr'>nisi</span> <span class='ocrx_word' id='word_1_272' title='bbox 674 2517 739 2558; x_wconf 78' lang='lat' dir='ltr'>vel</span> <span class='ocrx_word' id='word_1_273' title='bbox 763 2516 972 2558; x_wconf 79' lang='lat' dir='ltr'>ablativus</span> <span class='ocrx_word' id='word_1_274' title='bbox 1005 2527 1156 2557; x_wconf 86' lang='lat' dir='ltr'>causae</span> <span class='ocrx_word' id='word_1_275' title='bbox 1189 2527 1279 2556; x_wconf 90' lang='lat' dir='ltr'>esse</span> <span class='ocrx_word' id='word_1_276' title='bbox 1312 2516 1464 2568; x_wconf 85' lang='lat' dir='ltr'>potest,</span> <span class='ocrx_word' id='word_1_277' title='bbox 1495 2526 1569 2567; x_wconf 90' lang='lat' dir='ltr'>per</span> <span class='ocrx_word' id='word_1_278' title='bbox 1593 2525 1721 2566; x_wconf 92' lang='lat' dir='ltr'>quam</span> 
     </span>
     <span class='ocr_line' id='line_1_35' title="bbox 96 2584 1721 2640; baseline -0.002 -12"><span class='ocrx_word' id='word_1_279' title='bbox 96 2587 205 2629; x_wconf 83' lang='lat' dir='ltr'>illud</span> <span class='ocrx_word' id='word_1_280' title='bbox 235 2586 459 2640; x_wconf 74' lang='lat' dir='ltr'>viyilcmda</span> <span class='ocrx_word' id='word_1_281' title='bbox 490 2587 696 2629; x_wconf 86' lang='lat' dir='ltr'>efficiatur</span> <span class='ocrx_word' id='word_1_282' title='bbox 744 2588 810 2628; x_wconf 79' lang='lat' dir='ltr'>vel</span> <span class='ocrx_word' id='word_1_283' title='bbox 843 2587 1050 2627; x_wconf 79' lang='lat' dir='ltr'>ablativus</span> <span class='ocrx_word' id='word_1_284' title='bbox 1091 2585 1223 2634; x_wconf 90' lang='lat' dir='ltr'>modi,</span> <span class='ocrx_word' id='word_1_285' title='bbox 1267 2585 1338 2637; x_wconf 87' lang='lat' dir='ltr'>qui</span> <span class='ocrx_word' id='word_1_286' title='bbox 1380 2585 1542 2626; x_wconf 88' lang='lat' dir='ltr'>dicitur.</span> <span class='ocrx_word' id='word_1_287' title='bbox 1605 2584 1721 2624; x_wconf 89' lang='lat' dir='ltr'>Aliae</span> 
     </span>
     <span class='ocr_line' id='line_1_36' title="bbox 98 2655 1723 2710; baseline -0.004 -10"><span class='ocrx_word' id='word_1_288' title='bbox 98 2659 190 2700; x_wconf 89' lang='lat' dir='ltr'>eius</span> <span class='ocrx_word' id='word_1_289' title='bbox 223 2671 344 2700; x_wconf 88' lang='lat' dir='ltr'>casus</span> <span class='ocrx_word' id='word_1_290' title='bbox 365 2659 555 2699; x_wconf 90' lang='lat' dir='ltr'>notiones</span> <span class='ocrx_word' id='word_1_291' title='bbox 577 2659 644 2700; x_wconf 91' lang='lat' dir='ltr'>hic</span> <span class='ocrx_word' id='word_1_292' title='bbox 668 2658 892 2710; x_wconf 80' lang='lat' dir='ltr'>excogitari</span> <span class='ocrx_word' id='word_1_293' title='bbox 924 2669 1007 2697; x_wconf 92' lang='lat' dir='ltr'>non</span> <span class='ocrx_word' id='word_1_294' title='bbox 1038 2658 1227 2710; x_wconf 91' lang='lat' dir='ltr'>possunt.</span> <span class='ocrx_word' id='word_1_295' title='bbox 1272 2655 1353 2697; x_wconf 86' lang='lat' dir='ltr'>Sed</span> <span class='ocrx_word' id='word_1_296' title='bbox 1386 2656 1470 2696; x_wconf 83' lang='lat' dir='ltr'>sive</span> <span class='ocrx_word' id='word_1_297' title='bbox 1503 2655 1573 2695; x_wconf 91' lang='lat' dir='ltr'>illo</span> <span class='ocrx_word' id='word_1_298' title='bbox 1597 2666 1723 2695; x_wconf 89' lang='lat' dir='ltr'>sensu</span> 
     </span>
     <span class='ocr_line' id='line_1_37' title="bbox 98 2726 1722 2782; baseline -0.003 -12"><span class='ocrx_word' id='word_1_299' title='bbox 98 2729 309 2782; x_wconf 87' lang='lat' dir='ltr'>acceperis</span> <span class='ocrx_word' id='word_1_300' title='bbox 362 2729 447 2770; x_wconf 86' lang='lat' dir='ltr'>sive</span> <span class='ocrx_word' id='word_1_301' title='bbox 499 2729 604 2777; x_wconf 91' lang='lat' dir='ltr'>hoc,</span> <span class='ocrx_word' id='word_1_302' title='bbox 655 2741 728 2781; x_wconf 90' lang='lat' dir='ltr'>per</span> <span class='ocrx_word' id='word_1_303' title='bbox 774 2729 1002 2779; x_wconf 88' lang='lat' dir='ltr'>utrumque</span> <span class='ocrx_word' id='word_1_304' title='bbox 1049 2727 1252 2778; x_wconf 87' lang='lat' dir='ltr'>languent</span> <span class='ocrx_word' id='word_1_305' title='bbox 1298 2737 1444 2767; x_wconf 84' lang='lat' dir='ltr'>versus</span> <span class='ocrx_word' id='word_1_306' title='bbox 1498 2726 1722 2778; x_wconf 89' lang='lat' dir='ltr'>sequentes</span> 
     </span>
     <span class='ocr_line' id='line_1_38' title="bbox 105 2804 279 2842; baseline -0.011 0"><span class='ocrx_word' id='word_1_307' title='bbox 105 2805 171 2842; x_wconf 87' lang='grc'>77.</span> <span class='ocrx_word' id='word_1_308' title='bbox 204 2804 279 2842; x_wconf 83' lang='grc'>78;</span> 
     </span>
    </p>
   </div>
  </div>
 </body>
</html>
