2013 3223
877 157 930 193 83

98 280 260 329 attinet,
294 279 392 332 quia
424 291 590 332 sperare
621 280 726 320 mihi
757 279 1325 321 11ᾶο01·311111111;11(111108
1357 280 1459 320 alias
1491 282 1713 323 nonnullas

96 350 192 391 inde
225 362 423 390 evasuras
457 361 559 398 esse,
591 363 674 390 non
705 350 841 390 solum
872 351 915 390 in
946 351 1071 391 rebus
1105 350 1374 402 quibusdam,
1407 350 1498 400 sed,
1530 351 1572 391 id
1605 352 1715 403 quod

97 420 264 471 gravius
319 421 409 469 est,
464 420 507 460 in
553 432 695 460 rerum
742 421 882 461 ordine
936 421 1323 473 sententiarumque
1377 421 1714 473 conformatione,

95 492 145 530 ut
183 490 279 530 inde
317 502 480 542 quoque
519 490 608 530 eius
649 491 845 531 carminis
888 490 1095 544 Sapphica
1135 491 1247 543 origo
1290 493 1332 531 et
1372 491 1531 532 indoles
1565 505 1714 545 cogno-

98 562 251 601 scatur.

213 632 274 671 Ac
303 630 488 683 primum
521 630 689 682 quidem
711 631 951 680 similitudo,
985 644 1111 684 quam
1144 634 1297 679 statuo,
1329 632 1512 684 pertinet
1545 633 1597 673 ad
1630 646 1716 674 ser-

95 713 242 741 mones
273 700 367 741 illos
400 702 621 752 tamquam
652 701 910 753 litigantium
942 702 1179 742 contrarios.

213 771 515 822 Fragmentum
549 777 601 813 93
635 771 670 811 Β
689 771 704 796 3
736 772 810 824 (Ξ
842 772 1051 812 scholiast.
1083 772 1281 824 Hermog.
1314 772 1421 813 VHJ
1454 777 1537 815 883
1582 773 1714 828 Walz)

95 841 173 882 1100
206 843 293 881 est:

330 906 432 953 Οἶον
463 912 512 953 τὸ
545 911 810 966 γλυκύμαλον
841 910 1061 966 ἐρεύθεται
1095 911 1212 967 ἄκρῳ
1246 904 1322 953 ἐπ’
1359 911 1470 968 ’badly

326 973 484 1036 ’Ἀκρον
516 974 596 1023 ἐπ’
622 981 866 1036 ἀκροτάτῳ·
899 981 1134 1023 λελάθοντο
1167 981 1213 1023 δέ
1243 982 1557 1040 Λιιαλοὸρόῑτηες,

337 1052 396 1094 Οὐ
424 1053 510 1104 μὰν
542 1045 836 1101 ἐκλελάθοι’τ’,
871 1044 970 1092 ἀλλ’
1006 1050 1079 1092 οὖν.
1112 1044 1306 1093 ἐδῦναντἱ
1338 1051 1573 1095 ἐπίκεσθαι

98 1135 223 1175 quem
262 1123 399 1163 locum
431 1123 600 1175 respicit
631 1123 800 1174 Longus
834 1125 987 1175 pastor.
1027 1123 1093 1162 ΙΠ
1135 1128 1213 1164 33:
1247 1121 1320 1163 καὶ
1362 1121 1405 1164 ἕν
1443 1124 1577 1180 μῆλον
1613 1124 1716 1167 ἐπέ-

96 1207 240 1234 πεπτο
272 1190 316 1233 ἐν
347 1191 494 1242 αὗτοῖς
525 1191 673 1247 ἄκροις
705 1192 949 1247 ἀκρότατον,
980 1191 1089 1246 μέγα
1122 1192 1195 1234 καὶ
1228 1193 1369 1243 καλόν,
1403 1193 1582 1236 καὶτῶν
1605 1197 1715 1238 πτολ-

95 1262 179 1304 λῶν
211 1264 284 1319 τὴν
315 1261 494 1304 εὖωόίαν
526 1261 643 1304 ἐνίκα
675 1263 814 1316 μόνον.
858 1254 1046 1304 ’'Edem-ev
1068 1263 1089 1304 ὁ
1112 1272 1274 1318 τρυγών
1297 1263 1503 1315 ἀνελθεῖν,
1538 1264 1717 1322 ἠμέλησε

95 1333 315 1374 καθελεῖν·
346 1333 455 1385 τάχα
487 1332 533 1374 δὲ
566 1333 637 1374 καὶ
671 1333 931 1389 ἐφυλάττετο
963 1335 1012 1375 τὸ
1043 1333 1174 1375 καλὸν
1203 1334 1337 1390 μῆλον
1379 1333 1571 1391 ἐρωτικῷ
1612 1353 1716 1379 ποι-

95 1402 211 1456 μένι·
233 1403 343 1444 1111ᾱο
367 1404 582 1452 evincitur,
616 1417 711 1445 cum
732 1405 863 1456 Longi
895 1405 1021 1445 verba
1053 1405 1215 1456 reliqua
1238 1405 1520 1458 respondeant
1541 1407 1591 1447 iis
1625 1420 1718 1449 sen-

95 1474 238 1514 tentiis
281 1486 386 1525 quae
434 1474 569 1514 tribus
609 1475 692 1514 illis
734 1475 922 1515 versibus
962 1475 1248 1523 continentur,
1292 1479 1490 1527 quartum
1533 1478 1716 1529 aliquem

95 1556 264 1585 versum
302 1544 492 1584 additum
525 1544 667 1593 fuisse,
699 1545 741 1584 in
775 1557 855 1597 quo
889 1544 998 1585 dicta
1042 1548 1183 1586 essent
1225 1557 1284 1593 03,
1327 1558 1432 1597 quae
1475 1548 1609 1588 verbis
1651 1562 1718 1590 ex-

94 1614 241 1655 tremis
273 1613 382 1666 τάχα
406 1613 452 1655 ὁὲ
474 1618 516 1655 et
539 1627 576 1667 q.
606 1628 636 1655 s.
669 1615 973 1656 describuntur.
1023 1615 1104 1656 Sed
1138 1616 1268 1667 quid?
1300 1617 1423 1669 primi
1457 1617 1537 1658 duo
1570 1631 1716 1660 versus

93 1698 198 1725 num
229 1685 416 1725 eiusdem
449 1697 538 1726 esse
570 1688 757 1738 possunt,
791 1687 862 1738 qui
894 1686 1068 1726 tertium
1101 1688 1274 1727 cantat?
1307 1688 1490 1736 minime,
1523 1701 1621 1729 nam
1646 1691 1717 1742 qui

94 1755 189 1796 illos
223 1755 334 1803 dicit,
366 1756 477 1796 hunc
509 1768 552 1796 se
584 1756 671 1809 ipse
704 1756 914 1808 corrigens
947 1757 1011 1797 vel
1043 1757 1181 1810 potius
1204 1758 1370 1798 irritum
1392 1758 1548 1799 faciens
1582 1759 1716 1801 dicere

94 1838 177 1866 non
217 1828 377 1878 potest3
421 1826 490 1866 sed
542 1827 633 1878 ipsa
684 1827 881 1867 orationis
933 1828 1164 1868 contrariae
1203 1828 1410 1868 festivitas
1451 1829 1609 1870 indicat
1648 1843 1716 1871 eos

95 1908 240 1936 versus
273 1908 369 1936 cum
403 1898 551 1948 quarto
595 1896 747 1937 amisso
785 1897 895 1937 inter
927 1897 1030 1938 duos
1063 1900 1282 1939 cantantes
1315 1899 1381 1939 vel
1424 1900 1610 1951 singulos
1651 1901 1716 1942 vel

95 1966 241 2006 choros
275 1966 535 2006 diversarum
566 1967 752 2019 partium
784 1968 893 2008 inter
926 1980 968 2008 se
1013 1969 1132 2020 quasi
1173 1969 1431 2021 litigantium
1472 1970 1715 2012 distributos

94 2035 223 2077 fuisse
256 2037 280 2076 i.
313 2049 345 2077 e.
378 2037 487 2077 inter
520 2037 852 2078 adulescentium
885 2040 926 2078 et
956 2039 1196 2090 puellarum
1234 2039 1337 2079 duos
1380 2040 1536 2080 choros.
1597 2040 1715 2082 Idem

94 2118 190 2147 vero
222 2106 407 2147 certandi
430 2119 560 2159 genus
582 2108 650 2148 hic
682 2112 866 2160 apparet.
901 2109 1009 2160 quod
1042 2110 1083 2149 in
1103 2109 1259 2150 Catulli
1282 2110 1465 2150 carmine
1489 2112 1714 2152 amoebaeo

94 2176 284 2217 videmus
317 2177 546 2229 eademque
581 2178 665 2218 sive
698 2179 911 2231 responsio
945 2179 1030 2219 sive
1063 2180 1267 2232 oppositio
1301 2179 1487 2229 dicenda,
1520 2194 1626 2233 quae
1658 2182 1716 2223 ibi

93 2247 136 2287 in
168 2247 284 2287 initio
317 2247 436 2296 1111115,
468 2252 560 2288 turn
600 2248 662 2288 bis
704 2249 810 2289 binis
851 2249 961 2289 inter
1003 2262 1046 2290 se
1091 2250 1288 2302 oppositis
1331 2250 1584 2292 hexametris
1624 2251 1719 2292 red-

94 2317 219 2358 ditur.

209 2387 329 2428 Idem
362 2391 574 2428 certamen
606 2389 756 2429 leniter
788 2392 830 2430 et
862 2390 996 2430 iocose
1020 2391 1292 2431 commissum
1315 2391 1642 2444 deprehenditur
1672 2395 1715 2435 in

93 2457 141 2498 fr.
175 2464 225 2499 91
251 2457 310 2498 Β3
343 2458 418 2511 (=
437 2458 624 2499 Demetr.
647 2458 748 2510 περὶ
772 2456 862 2513 ἑρμ.
887 2473 918 2500 0.
945 2461 1057 2512 168),
1091 2461 1208 2501 cuius
1232 2461 1458 2514 fragmenti
1480 2463 1594 2515 leges
1626 2477 1714 2506 me-

93 2527 219 2568 tricas
250 2540 383 2581 nuper
414 2528 597 2569 firmavit
628 2529 679 2569 H.
712 2529 875 2571 Usener
907 2530 1010 2570 libro
1044 2542 1112 2579 eo,
1155 2543 1235 2583 quo
1267 2544 1375 2572 nova
1406 2533 1580 2574 scientia
1612 2535 1713 2575 artis

92 2598 291 2639 metricae
325 2598 490 2638 condita
522 2599 687 2640 videtur
717 2598 1072 2652 (altqriechz'scher
1113 2600 1302 2642 Versbau
1343 2615 1380 2655 p.
1416 2603 1499 2656 97).
1561 2603 1715 2644 Docuit

92 2679 261 2708 versum
293 2668 466 2720 longum
500 2681 520 2709 e
553 2669 714 2710 duobus
747 2670 1015 2718 brevioribus,
1049 2671 1195 2722 quales
1227 2672 1295 2712 hic
1336 2672 1562 2722 habemus,
1604 2686 1714 2714 com-

92 2738 270 2779 missum
303 2750 416 2785 esse;
450 2739 538 2779 eius
562 2742 703 2780 autem
727 2741 1025 2781 commissurae
1049 2741 1226 2793 vestigia
1249 2745 1445 2783 accurata
1470 2744 1712 2795 quaestione

93 2808 222 2848 etiam
245 2808 353 2861 apud
370 2808 604 2850 Homerum
625 2810 801 2851 latentia
823 2810 991 2851 detexit.
1039 2809 1152 2850 Hier
1167 2810 1302 2852 haben
1318 2812 1399 2852 wir
1419 2837 1471 2842 —
1495 2815 1633 2866 inquit
1656 2837 1710 2842 —

1375 2882 1431 2924 6*
