2013 3223
891 151 944 189 85

91 270 163 319 'ea
202 276 396 330 Sapphus
443 277 570 317 verba
612 276 788 329 exempli
828 277 1024 317 rhetorici
1062 277 1151 317 loco
1191 275 1357 321 attulit;
1400 273 1587 314 choricae
1630 273 1732 313 artis

111 348 275 388 nullam
308 347 527 388 scientiam
568 347 635 387 vel
672 347 853 387 habebat
893 347 959 387 vel
998 346 1293 400 profitebatur,
1335 345 1443 385 sicut
1474 343 1732 396 Hephaestio

112 419 281 459 tantum
326 417 546 458 metricam
588 416 794 469 spectavit
834 416 1077 458 divisionem
1119 417 1162 456 in
1208 416 1286 456 hoc
1325 410 1575 467 μεσυμνιόυ,
1620 412 1732 464 quod

113 488 276 537 dicitur,
309 487 496 540 exemplo
531 487 905 528 commemorando.

169 587 173 590 -
231 557 433 599 Similiter
463 557 574 597 inter
616 557 718 597 duos
753 557 1089 598 distribuendum
1131 556 1296 597 videtur
1337 555 1385 595 fr.
1430 560 1508 596 101
1554 553 1616 593 B3
1659 553 1732 606 (=

113 627 257 670 Galen.
288 629 415 681 protr.
448 640 479 668 c.
514 627 579 680 8):

289 710 313 738 a
343 691 393 739 'O
423 696 501 750 μὲν
533 698 611 751 γὰρ
644 697 786 747 κάλος,
820 695 945 738 ὅσσον
976 695 1082 753 ἴδην,
1117 696 1294 738 πέλεται
1328 695 1548 751 (ἄγαθος),

112 769 180 810 cui
210 768 488 821 respondetur

287 839 312 880 b
341 830 394 880 'O
425 836 471 879 δὲ
503 836 698 892 κᾶγειθος
730 836 886 879 aisn-m
919 836 991 878 καὶ
1024 836 1155 886 κάλος
1186 833 1367 877 ἔσσεται.

229 909 390 951 Certior
422 921 470 950 ea
501 909 740 950 distributio
782 911 846 949 est
886 909 929 948 in
970 907 1017 948 fr.
1059 912 1111 948 98
1153 907 1220 947 B³
1261 907 1334 960 (=
1375 907 1603 960 Hephaest.
1645 906 1731 960 45),

111 980 223 1032 quod
257 979 308 1020 ad
339 979 564 1020 maledicta
596 981 638 1019 et
670 979 955 1019 cavillationes
987 978 1187 1031 pertinet,
1229 978 1382 1029 quibus
1423 978 1557 1018 iocose
1599 977 1732 1017 incre-

109 1051 269 1103 pabant
298 1050 463 1103 puellae
495 1048 691 1102 θυρωρόν
722 1049 746 1088 i.
779 1061 812 1089 e.
844 1049 1077 1097 ianitorem,
1110 1047 1305 1089 καλεῖται
1339 1045 1387 1088 δέ
1424 1063 1488 1096 τις
1532 1055 1617 1087 τῶν
1658 1053 1732 1088 τοῦ

110 1117 292 1176 νυμφίου
324 1117 462 1175 φίλων
493 1118 567 1159 καὶ
601 1118 808 1174 θυρωρός,
841 1118 864 1159 ὁ
886 1120 982 1167 ταῖς
1006 1118 1163 1172 θύραις
1196 1116 1451 1173 ἐφεστηκώς,
1484 1115 1558 1157 καὶ
1581 1113 1730 1171 εἴργων

109 1191 187 1239 τὰς
219 1192 421 1244 γυναῖκας
450 1191 630 1246 βοηθεῖν
660 1189 715 1245 τῇ
746 1189 884 1245 νύμφῃ
917 1189 1058 1244 βοιὺσῃ
1091 1188 1256 1241 (Pollux
1286 1187 1352 1228 III
1386 1193 1422 1235 3,
1455 1187 1551 1240 42):

538 1260 725 1315 Θυρώρῳ
759 1259 888 1308 πόδες
920 1256 1207 1314 ἐπτορόγωοι,

539 1331 603 1371 Τὰ
635 1329 681 1371 δὲ
712 1329 917 1383 σάμ,”>ἀλα
949 1328 1222 1385 πεμπεβόηα,

533 1398 741 1454 Πίσιγγοι
775 1399 822 1441 δὲ
853 1392 946 1441 ὄὲκἱ
981 1399 1255 1450 ἑξεπόνασαν.

111 1472 228 1513 Talia
257 1473 454 1525 poemata
485 1471 619 1523 magis
653 1473 752 1524 apta
784 1483 874 1511 esse
908 1470 958 1510 ad
990 1470 1280 1510 recitationem
1314 1481 1442 1521 quam
1475 1468 1526 1509 ad
1559 1473 1732 1509 cantum

111 1542 409 1583 animadvertit
449 1541 690 1582 Demetrius
739 1540 838 1594 περὶ
887 1537 976 1594 ἓρμ.
1026 1553 1058 1581 c.
1110 1545 1215 1581 167:
1264 1539 1402 1588 ἄλλως
1449 1537 1495 1580 δὲ
1542 1538 1732 1579 σκώπτει

111 1610 322 1668 (Σαπφὼ)
353 1612 424 1653 τὸν
455 1611 652 1666 ἀγροῖκον
682 1609 864 1667 νυμφίον
894 1610 965 1652 καὶ
1000 1611 1074 1652 τὸν
1104 1610 1301 1666 θυρωρὸν
1340 1610 1410 1650 τὸν
1449 1607 1491 1650 ἐν
1530 1611 1621 1658 τοῖς
1660 1607 1734 1662 γά-

109 1697 209 1736 μοις
239 1681 520 1724 εὖτελέστατα
553 1681 626 1723 καὶ
659 1680 702 1723 ἐν
733 1681 882 1733 πεζοῖς
914 1680 1091 1734 ὀνόμασι
1125 1680 1288 1733 μᾶλλον
1330 1681 1353 1736 ἢ
1392 1678 1434 1721 ἐν
1475 1681 1732 1735 ποιητικοῖς.

111 1754 220 1794 ὥστε
250 1751 379 1809 αἰτῇς
409 1752 570 1805 μᾶλλόν
601 1751 692 1793 ἐστι
724 1753 777 1793 τὰ
804 1752 1030 1808 ποιήματα
1066 1758 1199 1792 ταῦτα
1233 1750 1511 1805 διαλέγεσθαι
1548 1751 1571 1806 ἢ
1603 1741 1732 1805 ᾅδειν,

111 1815 205 1865 οὔδ’
241 1823 291 1864 ἂν
322 1822 509 1877 ἁρμόσαι
541 1823 652 1878 πρὸς
683 1823 755 1864 τὸν
783 1823 907 1877 χορὸν
940 1823 964 1878 ἢ
996 1823 1106 1877 πρὸς
1138 1823 1211 1878 τὴν
1243 1821 1383 1875 λύραν,
1426 1818 1463 1862 εἰ
1503 1821 1628 1876 μήτις
1668 1816 1732 1876 εἴη

108 1894 232 1948 χορὸς
263 1893 541 1942 διαλεκτικός.
603 1895 710 1946 Apte
743 1894 872 1946 igitur
904 1894 1006 1934 haec
1038 1894 1097 1933 ita
1129 1895 1299 1933 cantata
1320 1892 1466 1944 fingas,
1499 1894 1547 1931 ut
1569 1892 1732 1944 puellae

112 1964 195 2005 alia
235 1964 361 2005 aliam
411 1964 586 2016 singulis
636 1965 825 2004 versibus
867 1964 1118 2016 excipientes
1166 1964 1387 2003 ianitorem
1429 1962 1613 2013 undique
1655 1962 1734 2002 hac

112 2035 396 2076 conviciorum
425 2035 466 2075 vi
499 2036 540 2075 et
570 2034 841 2075 multitudine
875 2036 1113 2087 correptum
1148 2034 1267 2086 quasi
1300 2033 1489 2073 obruant.

230 2105 382 2146 Restat
414 2105 551 2146 adhuc
590 2118 723 2145 unum
766 2105 1003 2158 exemplum
1036 2105 1077 2144 in
1119 2106 1166 2145 fr.
1212 2109 1292 2145 109
1337 2103 1396 2143 B³
1436 2102 1732 2154 interrogantis

111 2174 278 2231 νύμφης
309 2177 352 2216 et
382 2175 673 2228 respondentis
699 2175 952 2228 virginitatis
985 2176 1049 2215 his
1082 2175 1181 2215 loeis
1215 2174 1415 2214 dissimile
1449 2173 1629 2225 quidem,
1662 2172 1734 2213 sed

114 2246 223 2299 quod
255 2246 430 2287 eandem
462 2246 596 2299 poesis
635 2246 838 2295 indolem,
879 2246 1141 2286 mimeticum
1183 2245 1286 2285 illud
1326 2244 1533 2291 studium,
1574 2242 1734 2296 prodat.

117 2316 317 2378 cOmnino
349 2317 528 2357 maxime
562 2319 734 2358 actuosa
765 2317 893 2358 fuisse
929 2316 1121 2370 Sapphus
1162 2308 1449 2368 epithalamia'
1494 2315 1570 2354 hoc
1612 2314 1735 2354 collo-

114 2387 260 2440 quium
303 2387 350 2427 B.
385 2387 614 2428 Schmidtio
657 2387 699 2427 in
739 2388 893 2440 proleg.
926 2400 963 2440 p.
995 2386 1149 2427 LXXV
1183 2386 1404 2426 videbatur
1436 2385 1733 2432 demonstrare,

115 2458 187 2510 qui
217 2460 436 2511 praeterea
471 2458 825 2519 (petulantissima-
864 2458 937 2497 illa
977 2457 1026 2498 de
1067 2456 1238 2497 custode
1281 2455 1458 2496 thalami
1498 2455 1735 2506 fragmenta

113 2540 196 2568 11011
226 2540 348 2581 posse
380 2531 492 2569 recte
525 2520 732 2580 intellegi'
772 2528 1004 2576 iudicabat,
1049 2527 1148 2589 tnisi
1189 2527 1231 2567 in
1271 2526 1453 2567 carmine
1497 2537 1545 2566 ex
1579 2536 1658 2576 quo
1690 2524 1734 2564 hi

113 2610 260 2639 versus
291 2598 461 2639 delibati
493 2600 592 2638 sunt
624 2599 797 2639 chorum
829 2599 1065 2651 puellarum
1098 2610 1194 2638 cum
1225 2609 1450 2650 puerorum
1483 2595 1606 2636 choro
1648 2607 1734 2635 cer-

113 2668 269 2709 tavisse
303 2660 597 2709 sumeremus'.
661 2668 742 2710 Sed
775 2669 864 2722 ipsa
898 2681 945 2709 ea
977 2669 1215 2720 fragmenta-
1248 2667 1375 2708 etiam
1415 2679 1526 2706 nunc
1566 2665 1606 2705 id
1649 2677 1737 2705 cer-

113 2739 257 2779 tamen
287 2739 483 2792 produnt.

231 2809 282 2849 In
312 2809 391 2850 hac
432 2811 574 2850 autem
615 2809 805 2850 veritatis
847 2808 1101 2857 imitatione,
1144 2808 1224 2849 etsi
1263 2808 1423 2860 poetria
1455 2807 1605 2848 Lesbia
1647 2808 1738 2846 tota
