2013 3223
1059 118 1112 155 66

273 246 466 287 accurate
498 245 608 285 inter
640 255 683 284 se
716 242 861 284 referri
894 254 918 283 a
948 243 1074 295 poeta
1105 242 1307 282 vocabula
1330 240 1493 293 polluto
1524 255 1692 294 corpore
1724 245 1766 285 et
1781 245 1904 286 tenui

272 317 445 367 carptus
475 313 620 366 ungui.
686 313 766 354 Sed
802 312 934 365 quid?
978 311 1137 363 polluto
1169 312 1335 363 corpori
1373 313 1599 366 respondet
1634 307 1900 376 ‘decerptus‘

274 398 327 427 an
364 376 542 446 ‘laesus'
579 384 687 424 fios?
736 383 947 436 pollutum
981 382 1092 423 enim
1126 395 1275 435 corpus
1310 382 1448 432 efficit,
1481 385 1530 424 ut
1562 383 1814 435 defloruerit,
1847 386 1905 427 si-

274 458 347 498 cut
378 457 518 496 laesus
552 454 649 501 flos;
683 453 877 506 decerpto
910 452 1001 493 flori
1032 453 1174 493 nullus
1207 453 1291 493 iam
1325 455 1388 494 est
1421 454 1462 494 in
1495 454 1627 495 hortis
1660 455 1788 505 locus,
1830 457 1903 498 ubi

272 528 415 568 tamen
457 524 566 565 idem
607 524 682 564 fios
721 523 965 564 defloruisse
1005 523 1180 570 dicitur;
1225 516 1508 585 ‘decerptum'
1557 527 1700 566 autem
1741 539 1904 580 corpus,

273 598 308 638 si
340 596 463 637 venia
494 595 618 636 detur
649 594 747 635 huic
780 594 949 634 insolito
983 594 1197 642 vocabulo,
1239 595 1323 635 sive
1361 589 1700 656 ‘consumptum'
1736 597 1904 639 0111111110

271 668 438 708 11111111111
471 667 545 706 est.

389 737 482 777 Iam
514 748 610 776 vero
633 734 838 786 carpendi
862 735 1076 783 vocabule,
1111 747 1378 788 quacumque
1401 736 1441 776 vi
1464 739 1705 790 usurpatur,
1738 750 1907 791 semper

273 807 388 848 notio
422 806 676 847 inhaerescit
707 805 875 858 propria
907 805 1103 846 demendi
1135 806 1200 846 vel
1233 806 1431 846 minutim
1465 808 1750 857 consumendi,
1782 821 1906 849 num-

274 890 402 931 quam
434 876 689 929 infringendi
722 876 796 928 (=
829 875 1048 929 knicken)3
1099 876 1230 928 igitur
1263 878 1311 916 ut
1350 877 1531 918 inanitas
1565 878 1755 919 vocabuli
1786 878 1904 919 tenui

272 949 468 997 tollatur,
512 947 638 988 simul
671 948 719 987 ut
751 946 947 987 laedendi
978 947 1091 987 notio
1127 971 1179 975 —-
1214 960 1296 987 non
1329 947 1578 1001 decerpendi
1612 973 1663 978 -—
1700 949 1905 1002 exprima-

272 1021 356 1069 tur,
390 1019 472 1060 alia
504 1030 582 1059 vox
613 1018 856 1071 postulatur
888 1018 976 1058 1000
1011 1018 1099 1058 01118
1135 1030 1242 1070 quae
1277 1019 1532 1059 sententiam
1571 1019 1632 1060 ita
1671 1032 1783 1061 nunc
1815 1032 1907 1060 cor-

272 1090 443 1143 rumpit.
505 1089 642 1142 Igitur
675 1090 723 1129 ut
754 1088 972 1129 lenissima
1002 1088 1292 1129 emendatione
1326 1090 1560 1130 sententiae
1594 1102 1671 1130 sua
1702 1089 1908 1131 reddatur

274 1161 531 1203 concinnitas
566 1162 607 1200 et
639 1160 760 1208 nitor,
792 1159 898 1199 nihil
931 1159 1043 1214 aliud
1077 1161 1210 1200 restat
1241 1159 1322 1200 nisi
1354 1161 1402 1200 ut
1434 1160 1659 1201 scribatur:

552 1241 672 1282 Idem
704 1254 797 1281 cum
830 1241 947 1281 tenui
978 1239 1220 1291 scalptus
1253 1240 1448 1291 defloruit
1478 1242 1625 1293 unqui,

275 1326 375 1379 quia
398 1326 457 1366 810
479 1325 650 1365 demum
674 1324 814 1364 omnia
836 1325 948 1364 recte
982 1323 1024 1363 in
1046 1323 1111 1363 his
1137 1323 1484 1364 similitudinibus
1518 1323 1762 1373 efferuntur,
1797 1335 1905 1376 quae

273 1396 548 1438 tenerrimam
588 1396 827 1447 proponunt
867 1394 1115 1446 imaginem;
1159 1394 1230 1434 sed
1263 1394 1367 1434 haec
1404 1395 1670 1447 importunae
1702 1394 1907 1448 interpre-

272 1467 445 1509 tationis
468 1466 806 1506 Baehrensianae
840 1465 1037 1505 violentia
1060 1464 1330 1505 deformatur.
1379 1465 1540 1505 Littera
1573 1467 1716 1506 autem
1748 1477 1768 1505 s
1798 1465 1907 1506 item

273 1537 488 1579 intercidit
522 1538 618 1576 ante
653 1549 671 1576 c
704 1537 901 1588 corrupta
933 1537 1079 1588 postea
1118 1535 1259 1575 littera
1294 1534 1309 1575 l
1339 1535 1380 1575 in
1412 1549 1446 1584 r,
1481 1536 1590 1576 sicut
1620 1536 1662 1575 in
1694 1535 1832 1577 codice
1864 1535 1904 1575 V

273 1609 316 1649 in
348 1622 384 1649 v.
419 1613 473 1648 20
514 1609 556 1648 et
589 1612 641 1648 26
682 1606 931 1647 tradebatur
971 1605 1045 1657 qui
1077 1604 1189 1645 caelo
1222 1618 1295 1658 pro
1329 1618 1394 1655 eo,
1439 1606 1547 1658 quod
1581 1619 1728 1647 verum
1766 1608 1831 1647 est
1863 1607 1907 1647 et

273 1679 530 1732 legitimum,
570 1677 666 1729 quis
705 1675 818 1717 caelo
861 1679 1078 1717 servatum
1111 1676 1248 1717 codice
1282 1677 1325 1716 T.
1359 1676 1558 1718 Ceterum
1592 1677 1704 1717 1111110
1735 1689 1905 1717 versum

274 1762 371 1791 cum
415 1749 608 1801 sequenti
650 1748 883 1788 omiserunt
917 1746 986 1788 OT
1019 1747 1184 1800 (Dresd.
1218 1747 1342 1787 Laur.
1377 1753 1443 1796 33,
1479 1747 1569 1800 12),
1610 1747 1738 1788 habet
1771 1747 1807 1788 G
1845 1746 1907 1801 (et

275 1822 403 1861 ceteri
435 1819 627 1871 codices).
666 1821 713 1858 ut
747 1818 812 1858 Fr.
849 1817 989 1858 Sch'o'll
1024 1817 1263 1870 suspicatus
1297 1820 1373 1867 est⁷
1406 1830 1426 1859 e
1459 1818 1648 1870 margine
1681 1817 1832 1858 codicis
1864 1817 1904 1857 V

273 1891 467 1945 petitum.

391 1961 484 2001 Iam
517 1972 613 2001 vero
645 1959 761 1999 tenui
793 1959 946 2011 urz-qui,
990 1972 1070 2011 quo
1104 1952 1292 2012 scalptus
1326 1959 1520 2000 defloruit
1553 1959 1647 2008 flos,
1689 1972 1800 1999 nunc
1833 1958 1905 2000 de-

273 2045 392 2074 mum
426 2044 547 2073 suam
580 2031 728 2084 recipit
760 2031 845 2071 vim
879 2033 920 2071 et
951 2031 1264 2083 proprietatem.
1299 2043 1381 2082 qua
1413 2043 1516 2071 usus
1550 2032 1615 2071 est
1647 2042 1706 2070 ex.
1729 2042 1788 2082 gr.
1811 2028 1909 2071 Cal-

273 2116 352 2144 vus
384 2104 425 2143 in
459 2103 506 2143 fr.
543 2108 594 2143 18
627 2102 683 2142 Μ.

511 2184 714 2236 Mamas,
751 2197 871 2235 quem
904 2186 1093 2224 metuunt
1125 2195 1276 2232 omnesy
1310 2182 1438 2234 diyito
1470 2185 1599 2233 caput
1630 2194 1713 2222 uno

512 2254 687 2307 Scalpz't,

276 2338 366 2392 (sed
390 2339 439 2380 de
472 2338 597 2379 huius
620 2338 700 2378 loci
723 2337 890 2389 obliquo
924 2349 1050 2378 sensu
1073 2350 1097 2377 a
1121 2336 1289 2378 Catullo
1313 2336 1570 2377 alienissimo
1602 2334 1652 2376 cf.
1675 2334 1908 2376 Weicherti

275 2409 369 2450 libri
402 2409 452 2449 de
485 2410 593 2462 poet.
626 2409 744 2449 Rom.
776 2421 814 2461 p.
851 2408 963 2461 134).
1025 2407 1143 2448 Addo
1175 2407 1341 2448 Horatii
1373 2407 1512 2448 locum
1545 2408 1622 2447 sat.
1654 2405 1675 2446 I
1708 2410 1746 2455 8,
1770 2410 1823 2447 26
1853 2405 1905 2447 de

275 2480 523 2521 insanarum
555 2480 783 2520 mulierum
817 2479 991 2531 magicis
1025 2478 1206 2520 artibus:

1145 2560 1343 2612 Scalpere
1373 2563 1531 2601 terram

522 2631 742 2684 Unyuibus
774 2664 1077 2673 ..........
1105 2630 1111 2687 l
1143 2630 1388 2683 Coeperunt.

394 2714 457 2755 De
497 2715 697 2756 orationis
736 2715 871 2756 forma
904 2728 925 2756 e
958 2715 1121 2756 duobus
1163 2714 1393 2754 enuntiatis
1426 2713 1680 2761 constantis,
1724 2723 1906 2764 quorum

273 2798 408 2827 unum
448 2797 522 2838 per
561 2798 654 2825 cum
686 2785 976 2838 praemittitur
1008 2786 1082 2826 aut
1114 2784 1395 2833 subnectitur,
1437 2784 1573 2837 qualis
1606 2783 1674 2824 hic
1705 2782 1747 2822 in
1779 2794 1815 2822 v.
1849 2785 1906 2823 46
