2013 3223
1058 145 1110 182 78
1165 199 1184 201 Ἀ

269 271 336 311 Ita
372 272 443 323 qui
477 271 605 311 libere
639 272 874 310 consortem
897 271 947 309 ut
969 270 1010 310 in
1033 270 1183 310 ceteris
1216 270 1277 310 ita
1310 271 1448 310 aetate
1481 272 1798 313 convenientem
1821 273 1899 314 sibi

270 341 409 393 elegit,
444 340 649 392 quomodo
682 340 826 390 magni
858 339 899 379 in
933 351 982 380 ea
1015 340 1242 380 aestimare
1285 341 1427 392 potest
1458 340 1499 380 id
1533 341 1642 392 quod
1674 341 1761 394 ipse
1793 342 1898 384 bene

269 403 503 464 :respexit-52³
570 409 712 460 Quid?
761 410 794 449 si
828 422 901 462 per
940 409 1117 450 eandem
1149 410 1419 463 oppositionis
1460 411 1666 452 rationem
1699 412 1824 453 aliam
1857 414 1900 453 et

270 482 478 522 diversam
512 480 793 520 condicionem
828 480 886 519 rei
917 480 1146 520 attributae
1180 480 1222 520 in
1255 480 1493 533 puellarum
1527 482 1677 522 cantus
1710 483 1899 523 versibus

269 558 324 593 46
359 553 400 591 et
431 557 484 591 47
521 550 778 591 substituere
812 550 938 589 velis:

510 618 613 661 Cum¹
646 623 807 661 castum
840 620 987 660 mnisit
1011 619 1175 671 polluto
1208 633 1376 672 corpore
1405 620 1562 671 florem,

505 690 592 731 Nec
618 690 767 742 pueris
800 689 981 730 iocunda
1013 693 1152 730 manet
1182 703 1255 731 nec
1287 704 1390 731 σανα
1416 690 1586 742 puellis,

268 764 537 803 monstruosa
570 761 722 802 evadat
756 761 975 802 sententia.

390 832 468 873 Vel
501 833 543 872 hi
575 832 652 872 loci
687 832 880 885 explicati
904 831 1119 872 sufficiunt
1153 832 1205 873 ad
1239 845 1331 873 eam
1365 834 1662 885 congruentiae
1694 834 1901 876 rationem

269 903 612 956 cognoscendam,
646 915 728 954 qua
761 903 801 942 in
826 902 1060 943 definienda
1083 903 1368 956 philosophiae
1403 903 1566 944 auxiliis
1598 904 1757 957 paratis
1790 918 1902 946 nunc

268 975 388 1015 facile
422 986 625 1014 caremus.

386 1045 478 1085 Iam
512 1044 620 1097 quod
644 1044 766 1084 Riese
802 1045 1024 1097 vituperat,
1057 1044 1161 1084 illud
1194 1044 1330 1096 mayz's
1362 1046 1404 1085 et
1434 1044 1577 1085 minus
1606 1057 1689 1086 non
1720 1045 1781 1086 ita
1804 1047 1901 1100 apte

269 1128 292 1157 a
323 1118 449 1169 poet-a
483 1115 681 1163 adhiberi,
716 1127 843 1167 quam
875 1127 957 1155 non
991 1127 1136 1155 verum
1170 1116 1225 1155 sit
1257 1117 1441 1168 apparet.
1503 1115 1638 1156 Immo
1677 1116 1901 1158 dicendum

269 1188 333 1228 est
366 1186 523 1227 Catulli
557 1187 646 1226 arte
681 1185 975 1226 difficultatem
1010 1185 1223 1237 quandam
1257 1186 1488 1226 sententiae
1523 1187 1744 1227 verborum
1776 1187 1901 1228 collo-

268 1257 429 1298 catione
464 1256 655 1297 sollerter
688 1256 890 1296 evitatam
923 1268 1025 1296 esse.
1089 1256 1275 1297 Collocat
1316 1256 1427 1296 enim
1458 1257 1502 1296 111
1534 1257 1652 1297 initio
1687 1258 1775 1297 eius
1808 1270 1901 1298 ver-

269 1340 340 1368 sus
388 1327 601 1367 notionem
649 1339 754 1366 cara
801 1326 892 1366 viro
938 1326 1060 1380 (cara
1107 1328 1171 1367 est
1218 1327 1261 1367 in
1294 1327 1338 1367 M
1386 1326 1435 1367 cf.
1476 1327 1527 1367 Κ.
1560 1327 1604 1367 P.
1640 1326 1815 1368 Schulze
1855 1328 1900 1368 in

266 1398 425 1439 Herma
462 1402 572 1439 1888
618 1410 654 1450 p.
688 1402 795 1444 5893
847 1410 953 1449 quae
985 1398 1182 1438 correctio
1222 1397 1388 1438 librario
1431 1397 1646 1451 debetur);
1695 1398 1902 1450 virginem

269 1469 380 1510 enim
414 1481 486 1522 per
518 1468 688 1521 nuptias
722 1480 865 1508 caram
906 1468 995 1508 fieri
1026 1469 1113 1509 viro
1147 1470 1292 1509 contra
1323 1468 1561 1520 puellarum
1595 1468 1770 1509 crimina
1803 1468 1902 1510 affe-

267 1543 388 1586 runt;
437 1540 478 1579 et
517 1538 650 1589 mayz‘s
683 1550 824 1578 caram
863 1539 1071 1590 simulque
1111 1538 1253 1578 minus
1286 1538 1463 1579 invisam
1496 1539 1634 1579 matri.
1689 1538 1900 1581 Nimirum

266 1610 352 1650 filia
392 1609 528 1661 magis
570 1609 720 1649 colitur
758 1612 800 1649 et
841 1609 979 1650 minus
1021 1610 1261 1662 neglegitur
1303 1609 1388 1650 sive
1428 1609 1569 1650 minus
1612 1610 1791 1650 molesta
1823 1611 1901 1660 est,

268 1694 363 1722 cum
410 1680 612 1721 maritum
658 1682 784 1721 nacta
832 1681 921 1720 erit.
992 1680 1101 1721 Nam
1143 1683 1235 1720 tum
1279 1680 1469 1729 demum,
1517 1682 1565 1720 ut
1612 1683 1725 1721 recte
1771 1680 1903 1721 sensit

267 1751 319 1792 Η.
348 1752 528 1803 Magnus
570 1750 625 1792 N.
660 1749 836 1792 Jalw-bb.
885 1756 995 1792 1876
1038 1764 1075 1804 p.
1115 1756 1221 1799 403,
1269 1751 1408 1803 aliquo
1456 1751 1544 1792 loco
1591 1751 1736 1792 haberi
1783 1752 1901 1792 solet.

268 1822 398 1863 Vides
441 1834 567 1874 quam
608 1834 690 1861 11011
728 1815 919 1882 ί110111οϊ
964 1821 1005 1861 id
1038 1824 1250 1875 opponant
1290 1822 1460 1862 iuvenes
1505 1823 1546 1862 et
1579 1833 1707 1874 quam
1747 1822 1902 1875 impor-

268 1895 369 1934 tune
414 1904 557 1933 omnes
592 1904 661 1933 eas
695 1893 926 1933 sententias
959 1893 1208 1933 tractaverit
1241 1892 1292 1932 K.
1324 1892 1510 1933 Pleitner
1542 1893 1567 1932 l.
1600 1905 1632 1932 0.
1664 1905 1701 1946 p.
1737 1898 1809 1941 64,
1852 1894 1902 1933 ut

267 1964 335 2004 hic
367 1976 387 2004 e
421 1963 611 2016 pluribus
653 1964 915 2012 nominetur,
964 1964 1036 2016 qui
1078 1964 1180 2004 haec
1221 1965 1367 2004 narrat
1398 1963 1629 2004 mirabilia:
1678 1963 1821 2003 diesen
1851 1963 1902 2004 in

269 2033 348 2074 den
384 2032 609 2085 Gesc'inyen
642 2033 714 2073 der
747 2033 893 2074 beiden
931 2032 1065 2074 Chore
1096 2033 1249 2085 sclzarf
1273 2031 1634 2073 hervortretenden
1669 2032 1903 2085 Geyensatz

270 2103 342 2144 der
371 2103 728 2154 pessz'mistischen
758 2104 1033 2156 Auffassuny
1065 2103 1274 2145 desselben
1306 2103 1545 2156 Vorymzyes
1576 2116 1656 2144 von
1686 2103 1796 2144 »Seite
1828 2103 1902 2144 der

269 2173 565 2226 Juanraucn,
610 2174 678 2215 die
716 2188 802 2215 near
831 2175 1020 2216 sclavus-ara
1051 2174 1193 2224 seben,
1238 2173 1328 2214 ‘zmd
1359 2174 1434 2214 cler
1465 2173 1794 2225 optimistz'sehen
1827 2173 1901 2215 der

269 2244 526 2297 Janyliwye‚
567 2245 701 2286 denen
731 2245 836 2286 alles
868 2245 915 2285 in
945 2246 1122 2298 rosiyem
1153 2244 1298 2286 Lichte
1331 2245 1533 2286 ersclzeint
1662 2270 1715 2275 —
1748 2244 1899 2298 Itaque

268 2317 409 2357 tacere
442 2317 584 2357 licebit
617 2317 667 2357 de
708 2317 834 2357 huius
878 2317 1139 2369 aliorumque
1173 2316 1440 2365 coniecturis,
1482 2316 1632 2368 quibus
1665 2328 1810 2357 versus
1844 2321 1900 2358 58

270 2389 492 2439 corruptus
526 2390 600 2428 est.

1030 2569 1139 2622 III.

386 2669 479 2710 Iam
511 2670 545 2710 si
578 2670 707 2711 totius
741 2672 1001 2712 carminis
1034 2670 1269 2711 ordinem
1302 2672 1352 2711 et
1383 2670 1729 2724 partitionem
1760 2669 1901 2723 perlu-

270 2741 467 2789 stramus,
508 2741 550 2780 in
581 2742 718 2794 prima
749 2744 869 2795 parte
903 2754 1054 2783 scaena
1086 2743 1127 2782 et
1159 2741 1266 2782 actio
1298 2741 1399 2795 ipsis
1439 2741 1700 2782 sermonibus
1732 2751 1900 2793 reprae-

270 2811 482 2859 sentatur,
515 2814 583 2859 ut,
617 2812 726 2864 quod
758 2812 813 2853 M.
847 2812 993 2866 Haupt
1025 2812 1074 2854 de
1109 2811 1366 2853 Graecorum
1398 2811 1624 2864 tragoediis
1656 2809 1900 2853 comoediis-
