2013 3223
886 140 968 177 153
1018 194 1033 196 *-

121 277 227 313 mus,
259 265 307 304 ut
338 276 466 305 causa
498 263 639 315 aliqua
677 263 827 303 saltem
867 263 1074 304 indicetur
1113 262 1180 303 vel
1221 261 1496 314 significetur,
1539 273 1613 301 our
1651 273 1740 301 ma-

120 335 228 375 xime
261 335 450 375 amantes
481 333 775 386 Hymenaeum
805 334 963 385 petant.
1024 332 1176 384 Itaque
1210 344 1294 372 non
1324 330 1521 372 idoneum
1562 331 1739 380 videtur,

119 416 196 445 neo
228 404 338 456 quod
367 404 456 457 ipse
487 404 615 456 ponit,
647 415 743 443 cum
775 402 875 443 dicit
904 402 1134 455 exspectari
1155 402 1284 442 talem
1308 401 1494 453 aliquam
1515 401 1739 451 notionem,

121 474 289 526 qualem
318 474 446 514 habet
482 464 787 534 ‘concordibus'
825 484 956 524 eaque
989 472 1039 513 de
1072 484 1198 513 causa
1220 471 1351 512 videri
1386 462 1603 532 ‘aemulis'
1640 471 1740 511 scri-

120 543 303 584 bendum
335 555 438 592 esse,
469 555 546 583 nec
578 542 687 594 quod
719 544 938 595 praeterea
979 542 1314 583 coniecturarum
1355 541 1408 593 (v.
1447 541 1598 582 Baehr.
1628 541 1655 581 l.
1687 541 1736 594 c.)

121 614 401 666 excogitatum
434 615 508 653 est.
569 613 656 665 Ego
691 613 871 665 quidem,
903 615 952 653 ut
984 625 1032 653 ea
1064 624 1191 653 causa
1223 611 1417 652 desiderii
1450 611 1617 652 disertis
1651 623 1741 652 ver-

119 683 182 724 bis
216 683 448 724 sententiae
479 683 701 732 inseratur,
733 683 999 724 scribendum
1031 694 1121 723 esse
1152 683 1274 735 puto:

357 753 462 805 Quis
494 753 595 794 deus
626 753 761 805 mayis
792 752 1019 793 innubis

413 823 495 864 Est
521 823 726 876 petendus
757 822 1032 863 amantibus?

124 906 231 946 quae
263 895 377 934 notio
427 894 681 935 sententiam
717 894 797 934 loci
838 894 986 946 explet.
1048 893 1097 933 Id
1139 893 1282 933 autem
1323 891 1590 941 vocabulum,
1633 891 1742 944 quod

120 963 297 1004 totidem
329 964 569 1005 litterarum
602 964 787 1017 apicibus
811 965 988 1012 constat,
1022 964 1124 1016 quot
1149 953 1360 1024 ‹amatisss
1392 962 1612 1014 hucusque
1646 964 1742 1003 ante

125 1032 321 1075 Ovidium
352 1034 539 1074 nondum
571 1035 787 1086 repertum
818 1033 910 1073 fuit.

236 1173 287 1214 In
319 1186 443 1215 versu
477 1178 557 1215 129
590 1174 716 1214 huius
749 1174 969 1227 strophae:

356 1243 423 1284 Ne
456 1243 531 1284 diu
561 1246 697 1284 taceat
726 1256 887 1294 procax

355 1313 623 1355 Fescennina
655 1314 815 1363 iocatio,

356 1383 444 1425 Nec
474 1397 599 1425 nuces
627 1385 775 1436 pueris
805 1387 923 1437 neyet

354 1453 578 1494 Desertum
611 1454 771 1495 domini
803 1454 983 1494 audiens

359 1523 626 1565 Concubmus
657 1537 850 1565 amorem.

128 1586 350 1655 ‘Audiens'
390 1598 632 1648 corruptum
656 1597 730 1644 est,
766 1596 884 1657 tquia
905 1607 986 1635 non
1021 1594 1069 1635 de
1102 1607 1145 1635 re
1168 1597 1259 1635 tum
1283 1594 1501 1643 audienda,
1535 1594 1607 1635 sed
1630 1595 1745 1635 certa

122 1667 165 1706 et
197 1665 357 1706 dudum
389 1666 555 1718 cognita
589 1658 760 1718 agitur'.
810 1665 890 1706 Sed
915 1665 1022 1718 quod
1045 1665 1259 1706 Baehrens
1294 1665 1469 1706 coniecit
1494 1677 1538 1726 (a
1562 1655 1743 1713 dolens'‚

122 1748 219 1776 cum
251 1735 412 1776 addidit
446 1728 509 1798 ‘a'
550 1737 733 1798 ‘egregie
766 1749 813 1776 ex
845 1738 985 1776 mente
1021 1736 1238 1776 concubini
1270 1736 1352 1776 i1no
1386 1736 1524 1775 animo
1566 1735 1744 1775 dolentis

122 1798 261 1855 adies,
293 1806 336 1846 id
367 1807 511 1847 contra
544 1818 568 1846 a
600 1806 793 1847 dictionis
837 1805 1098 1847 Catullianae
1140 1806 1316 1846 candore
1357 1806 1564 1846 abhorret.
1634 1805 1745 1845 Nam

125 1868 378 1938 ‘desertum'
425 1877 609 1930 appellat
650 1877 904 1918 concubinus
953 1877 1108 1916 domini
1150 1889 1335 1916 amorem
1373 1889 1449 1917 nec
1491 1876 1577 1917 sine
1618 1887 1745 1917 causa

121 1946 227 1987 illud
263 1947 512 1987 vocabulum
550 1948 592 1987 in
633 1947 750 1988 initio
793 1947 881 1988 eius
925 1947 1102 1987 membri
1142 1947 1325 2000 positum
1365 1950 1449 1994 θεῖς
1493 1947 1561 1987 hic
1602 1948 1745 1987 autem

122 2017 340 2070 genetivus
377 2009 576 2079 ‘domini'
623 2019 687 2058 est
727 2018 994 2058 subiectivus.
1056 2017 1165 2070 Ergo
1207 2018 1403 2069 quoniam
1448 2008 1741 2078 ‘concubinus'

121 2087 190 2128 hic
229 2099 357 2128 nuces
400 2099 594 2140 spargere
636 2087 807 2136 dicitur,
850 2087 945 2139 quia
988 2087 1219 2128 secundum
1260 2087 1391 2128 Servii
1433 2087 1745 2128 adnotationem

124 2157 176 2198 ad
207 2157 383 2210 Vergilii
415 2157 487 2197 ecl.
521 2163 568 2206 8,
611 2163 666 2199 30
698 2157 854 2198 factam
889 2158 1109 2219 (meritorii
1140 2158 1259 2210 pueri
1290 2158 1315 2197 i.
1349 2170 1380 2198 e.
1414 2158 1621 2207 catamiti,
1656 2158 1746 2210 qui-

122 2227 201 2268 bus
233 2227 407 2268 licenter
438 2228 667 2268 utebantur
699 2228 874 2280 antiqui,
907 2228 1148 2269 recedentes
1192 2240 1215 2268 a
1257 2229 1370 2281 turpi
1410 2229 1576 2269 servitio
1617 2241 1745 2270 nuces

124 2289 413 2351 spargebant³‚
446 2298 711 2339 scribendum
742 2298 929 2340 videtur:

358 2365 584 2408 Desertum
617 2367 777 2409 domini
809 2381 1039 2421 aryuens

363 2435 628 2479 Concubinus
659 2451 853 2479 amorem.

122 2508 234 2549 Nam
265 2508 331 2549 his
361 2508 463 2561 ipsis
494 2509 671 2550 nucibus
705 2510 950 2563 spargendis
984 2510 1123 2562 arguit
1160 2510 1184 2550 i.
1218 2522 1250 2551 e.
1288 2510 1429 2563 prodit
1469 2510 1535 2551 vel
1577 2509 1746 2550 demon-

125 2579 234 2619 strat
273 2578 488 2619 desertum
540 2579 695 2620 domini
737 2592 932 2621 amorem.
1003 2580 1081 2620 Est
1122 2592 1169 2620 ea
1211 2582 1427 2621 structura
1467 2581 1593 2621 huius
1631 2580 1746 2621 verbi

124 2649 258 2698 solita,
289 2649 406 2690 velut
436 2648 562 2702 Verg.
594 2652 696 2691 Aen.
727 2650 789 2690 IV
826 2656 876 2691 13
914 2649 1159 2711 (degeneres
1203 2650 1362 2690 animos
1403 2651 1530 2691 timor
1571 2643 1744 2703 arguit'‚

122 2718 224 2760 Hor.
257 2731 317 2772 ep.
348 2719 370 2760 Ι
403 2725 469 2769 19,
503 2725 525 2761 6
563 2720 776 2782 tlaudibus
810 2721 1001 2773 arguitur
1033 2720 1119 2760 vini
1149 2721 1318 2761 vinosus
1350 2712 1596 2770 Homerus',
1629 2719 1745 2774 epod.

126 2795 193 2839 11,
227 2795 323 2843 9sq.
359 2791 594 2852 ‘amantem
625 2791 802 2844 languor
835 2794 877 2832 et
910 2791 1125 2832 silentium
1158 2783 1318 2844 arguit'
1354 2792 1446 2832 alia.
