2013 3223
1078 137 1172 193 34—

296 262 540 311 amicorum,
574 262 745 303 Ovidius
773 263 872 301 met.
900 259 1006 299 XIII
1038 264 1121 300 833
1150 271 1237 309 par
1267 256 1565 308 columbarum,
1598 260 1798 301 Horatius
1830 263 1912 302 sat.

294 333 338 373 Π
371 338 407 381 3,
441 337 522 373 243
555 345 645 382 par
681 329 816 370 nobile
847 331 1043 379 fratrum,
1078 328 1158 369 alii.
1221 328 1410 369 Verbum
1442 330 1584 369 autem
1617 332 1675 370 est
1712 343 1807 371 cum
1847 331 1912 372 in-

295 403 453 443 finitivo
485 402 647 454 generis
681 403 724 440 et
756 399 879 440 activi
913 400 954 439 et
984 399 1139 452 passivi
1180 399 1371 451 coniungi
1413 399 1516 439 satis
1547 401 1693 440 notum
1726 403 1791 442 est
1821 413 1912 442 ma—

295 473 403 513 xime
451 484 470 512 e
516 472 736 524 poetarum
782 481 862 509 usu
912 467 961 509 cf.
1002 468 1207 521 Draeger,
1254 468 1367 509 Hist.
1417 467 1532 521 Synt.
1571 470 1646 510 Π2
1684 483 1721 523 p.
1755 476 1913 524 302sq.

297 544 342 583 E.
374 542 545 590 Hauler,
592 539 753 580 Archiv
783 539 858 590 fiir
890 538 959 579 lat.
992 538 1210 591 Leoeikoyr.
1248 539 1313 580 III
1361 553 1398 593 p.
1444 546 1525 581 537
1540 553 1598 592 sq.
1668 540 1818 582 Hoerle
1860 541 1911 582 de

297 625 470 654 casuum
502 624 583 651 usu
614 610 885 663 Propertiano
918 609 1031 662 (diss.
1062 609 1234 651 Halens.
1270 611 1397 663 1887)
1429 624 1466 663 p.
1501 617 1567 652 39.

412 684 550 734 Atque
584 681 635 721 ad
669 680 955 722 Catullianum
997 680 1134 721 locum
1167 680 1313 721 idonea
1346 681 1475 721 videri
1513 683 1652 734 potest
1684 694 1779 723 cum
1812 682 1913 723 alio-

297 766 390 795 rum
424 755 514 793 tum
546 752 721 792 Hauleri
753 751 1043 804 interpretatio
1076 751 1164 792 eius
1198 751 1516 792 constructionis
1559 764 1632 804 per
1667 753 1799 812 ¹licet,
1841 765 1913 806 po-

296 826 390 873 test,
422 820 548 874 ἔστιν,
580 814 759 872 ἔξεστιν)
797 822 1018 874 descripta,
1052 833 1309 874 quamquam
1342 822 1430 862 eius
1464 822 1576 874 origo
1609 823 1736 863 altius
1768 823 1819 864 ab
1851 823 1914 863 in-

296 894 446 934 finitivi
477 895 631 934 natura
663 905 710 933 ac
743 893 781 932 vi
813 892 980 945 propria
1013 891 1238 945 repetenda
1273 893 1347 941 est,
1388 894 1435 932 ut
1467 892 1652 932 omnium
1684 893 1916 943 notionum,

298 977 404 1017 quae
452 965 493 1004 in
542 976 589 1004 ea
637 964 849 1004 structura
896 975 916 1003 e
964 963 1148 1003 locorum
1194 962 1396 1003 varietate
1435 963 1628 1013 evadunt,
1673 964 1795 1017 plena
1839 964 1916 1005 fiat

298 1035 474 1087 cognitio
508 1036 549 1075 et
581 1034 827 1087 explanatio.
894 1033 973 1074 Sed
1006 1033 1108 1074 haec
1140 1046 1251 1073 nunc
1284 1033 1513 1073 omittenda
1546 1036 1656 1074 sunt.

417 1105 497 1146 Sed
530 1105 734 1158 imprimis
768 1106 914 1157 aptum
948 1105 1012 1145 est
1044 1104 1141 1144 huic
1172 1104 1260 1144 loco
1294 1104 1541 1144 vocabulum
1575 1104 1745 1145 visendi.
1793 1104 1915 1156 Quod

298 1177 407 1217 enim
438 1175 562 1216 Fabri
603 1176 705 1215 bene
738 1175 901 1215 monuit
937 1175 991 1217 ad
1034 1174 1204 1215 Sallust.
1238 1174 1359 1215 Catil.
1393 1179 1468 1220 61,
1501 1179 1545 1223 8,
1585 1174 1718 1215 visere
1759 1175 1916 1228 signifi-

298 1259 391 1288 care
425 1257 569 1286 curam
603 1245 813 1297 quandam
847 1257 894 1285 ac
926 1245 1187 1296 diligentiam
1221 1245 1447 1297 spectandi,
1489 1245 1530 1285 id
1562 1246 1781 1298 permultis
1813 1246 1914 1287 locis

299 1317 592 1369 comprobatur
623 1316 741 1356 velut
773 1315 877 1368 Nep.
910 1315 1039 1355 Alcib.
1075 1321 1123 1357 6:
1156 1317 1277 1354 tanta
1316 1314 1402 1366 fuit
1443 1315 1627 1355 omnium
1668 1316 1916 1367 eoespectatio

297 1386 460 1427 visendi
491 1385 745 1435 Alcibiadis,
779 1385 861 1427 Cic.
893 1386 1011 1426 Tusc.
1044 1385 1081 1425 V
1117 1392 1158 1434 3,
1193 1391 1215 1427 9
1257 1385 1306 1426 de
1340 1385 1469 1426 totius
1503 1385 1702 1427 Graeciae
1743 1386 1916 1427 celebri-

299 1459 386 1498 tate
419 1458 459 1497 in
500 1457 611 1497 ludis
651 1457 772 1497 solita
813 1456 1061 1508 significavit
1101 1455 1308 1507 quoddam
1343 1469 1474 1507 ycnus
1520 1468 1678 1505 eorum,
1724 1456 1798 1508 qui
1841 1469 1918 1496 nec

293 1527 499 1580 plausum
532 1540 606 1567 nec
639 1526 802 1567 lucrum
835 1529 1102 1578 quaererent,
1143 1526 1216 1566 secl
1246 1525 1408 1566 visendi
1447 1539 1579 1566 causa
1610 1526 1798 1567 venirent
1827 1530 1915 1567 stu-

300 1598 492 1650 dioseque
520 1597 809 1650 perspicerent
841 1596 945 1648 quid
977 1599 1167 1649 ageretur
1199 1600 1235 1637 ct
1267 1609 1346 1648 quo
1377 1596 1504 1637 modo.
1567 1597 1682 1638 Adde
1704 1598 1798 1638 Tac.
1821 1609 1916 1637 ann.

299 1669 342 1710 ΙΙ
376 1675 455 1710 54:
500 1670 622 1720 atque
663 1666 786 1707 illum
828 1668 901 1719 (=
943 1667 1256 1719 Germanicum)
1296 1667 1342 1707 in
1384 1680 1571 1720 reyressu
1608 1681 1733 1707 sacra
1773 1665 1918 1708 Samo-

300 1739 491 1779 thracum
522 1738 653 1778 visere
693 1738 889 1778 nitentem
931 1737 1039 1778 obvii
1080 1737 1297 1789 aquilones
1328 1737 1521 1788 depulere
1559 1739 1600 1779 et
1630 1738 1673 1778 Π
1706 1743 1781 1780 60:
1821 1750 1920 1778 moa:

299 1810 399 1850 visit
430 1811 610 1850 veteru-m
639 1808 875 1849 Thebarum
904 1821 1059 1860 mayna
1090 1808 1275 1860 vestiyia.
1321 1808 1530 1849 Describit
1559 1809 1701 1849 autem
1727 1808 1918 1850 Schmidt

299 1880 471 1921 Handb.
505 1879 577 1920 der
608 1879 678 1919 lat.
711 1893 751 1919 u.
790 1878 941 1931 yriech.
974 1877 1232 1931 Synonymik
1275 1883 1385 1921 1889
1434 1892 1472 1932 p.
1507 1884 1589 1920 620
1608 1891 1668 1932 sq.
1705 1879 1916 1920 notionem

301 1952 389 1992 eius
430 1950 617 1991 vocabuli
658 1951 842 2004 primum
876 1951 956 1991 sic:
997 1949 1198 1999 scliaucn,
1242 1949 1447 1999 ansehen,
1488 1963 1558 1989 um
1599 1949 1688 1989 sich
1727 1962 1785 1990 an
1826 1949 1918 1990 dem

300 2020 481 2062 Anblick
511 2033 564 2061 ‚eu
595 2022 810 2072 erfreuen;
843 2021 989 2062 deinde
1021 2019 1196 2061 eusehen
1228 2023 1270 2061 et
1300 2020 1388 2060 sicli
1421 2019 1689 2072 crkundiycn.

418 2091 554 2144 Igitur
584 2092 830 2144 priusquam
859 2104 1025 2132 carmen
1049 2091 1321 2132 amoebaeum
1353 2091 1494 2140 initur,
1527 2091 1678 2131 actioni
1709 2090 1788 2143 ipsi
1810 2102 1918 2143 quae

301 2161 514 2214 praecedit
545 2162 650 2202 nihil
682 2163 766 2202 iam
800 2162 938 2211 deest,
978 2162 1058 2202 nisi
1090 2164 1139 2202 ut
1172 2173 1246 2214 par
1278 2161 1391 2210 illud,
1423 2161 1541 2202 cuius
1575 2161 1626 2202 ad
1658 2161 1826 2214 nuptias
1859 2160 1918 2201 al—

303 2234 422 2273 terna
462 2233 648 2273 carmina
688 2233 922 2286 pertinent,
966 2233 1104 2285 ipsum
1147 2231 1267 2272 adsit.
1328 2231 1420 2272 Iam
1452 2231 1581 2284 igitur
1611 2231 1715 2272 illud
1747 2231 1790 2271 in
1823 2243 1919 2272 con·

304 2305 492 2356 spectum
525 2303 686 2344 venisse
719 2303 868 2356 puellis
901 2303 942 2343 in
976 2315 1097 2343 versu
1122 2308 1144 2344 9
1179 2303 1348 2343 iuvenes
1381 2302 1611 2350 coniciunt;
1643 2302 1703 2342 ita
1734 2301 1917 2342 adventu

303 2373 483 2413 indicato
515 2374 580 2414 vel
612 2374 750 2426 potius
784 2374 1200 2427 appropinquatione,
1242 2374 1311 2414 ubi
1350 2373 1513 2426 puellae
1547 2372 1596 2413 ad
1630 2373 1840 2413 certamen
1872 2384 1919 2412 se

303 2446 558 2496 paraverunt
587 2457 623 2484 v.
658 2450 846 2493 11—-14,
896 2444 1089 2497 deinceps
1122 2444 1291 2484 iuvenes
1325 2443 1509 2484 dicentes
1549 2444 1782 2483 extremum
1813 2441 1917 2483 illud

305 2512 465 2553 addunt
496 2513 545 2554 de
577 2514 727 2567 puellis
759 2515 800 2554 in
834 2527 869 2554 v.
905 2519 980 2556 18:

552 2583 706 2625 Dicere
737 2584 826 2624 iam
857 2584 1073 2635 incipient,
1105 2583 1194 2624 iam
1225 2583 1471 2635 respondere
1503 2582 1664 2624 decebit.

304 2653 474 2694 Puellae
516 2656 564 2694 ut
601 2655 830 2708 inciperent
871 2667 1039 2696 carmen
1081 2655 1352 2695 amoebaeum
1385 2656 1580 2707 exceptae
1613 2653 1759 2694 deinde
1800 2665 1824 2694 a
1854 2653 1920 2693 iu·

305 2724 491 2772 venibus‚
531 2727 653 2777 poeta
686 2725 906 2766 artificiose
939 2725 1011 2766 sed
1049 2724 1292 2766 inaffectata
1324 2726 1413 2766 arte
1446 2724 1592 2766 effecit.
1653 2724 1780 2764 Recte
1811 2723 1916 2764 illud

305 2806 471 2846 quoque
505 2794 800 2835 animadvertit,
821 2795 954 2836 Bonin
986 2796 1012 2836 l.
1044 2808 1076 2836 c.
1101 2808 1139 2849 p.
1161 2801 1234 2837 17:
1269 2793 1354 2835 Die
1375 2794 1500 2844 Hast,
1521 2794 1598 2834 mit
1619 2793 1693 2834 der
1714 2793 1782 2834 die
1812 2792 1916 2834 Vor-
