2013 3223
176 600 308 675 Quas
346 627 822 673 commentatiunculas
869 641 951 685 per
997 628 1125 673 varia
1174 631 1427 685 temporum
1477 641 1678 673 meorum

57 709 291 756 commoda
345 709 417 755 vel
471 708 753 755 incommoda
809 709 868 754 ad
923 712 1066 755 artem
1121 711 1463 768 grammaticam
1519 713 1564 754 et
1620 709 1678 754 ad

55 792 474 849 interpretationem
538 791 982 849 emendationemque
1046 792 1333 850 antiquorum
1407 792 1679 849 scriptorum

55 874 333 932 pertinentes
370 873 442 919 vel
479 872 774 931 amplioribus
811 872 962 918 verbis
1009 875 1286 932 perscriptas
1335 875 1407 919 vel
1452 874 1680 931 pauciori-

56 955 142 1001 bus
180 954 454 1013 significatas
493 954 660 1000 dudum
698 954 982 1012 collegeram,
1023 968 1178 1000 earum
1203 958 1254 1000 ut
1280 955 1477 1014 aliquam
1502 958 1679 1012 partem

55 1041 335 1095 pertexerem
362 1040 408 1081 et
431 1037 478 1081 in
504 1036 818 1094 corpusculum
844 1036 1069 1094 quoddam
1096 1050 1408 1095 componerem
1436 1036 1678 1095 aliquando

56 1119 326 1165 sollicitatus
352 1118 434 1164 has
461 1118 593 1164 edere
619 1119 832 1164 constitui
858 1119 1144 1176 quaestiones
1172 1119 1468 1165 Catullianas.
1535 1117 1676 1176 Quae,

56 1215 143 1259 quo
180 1204 383 1258 tempore
419 1200 473 1246 B.
503 1199 739 1245 Schmidtii
776 1214 894 1246 nova
932 1202 1180 1259 recognitio
1209 1214 1310 1247 cum
1347 1202 1678 1260 prolegomenis

56 1286 101 1327 et
155 1282 446 1328 adnotatione
501 1283 659 1327 critica
714 1282 898 1340 prodiit,
958 1296 1110 1328 omnes
1165 1284 1255 1329 iam
1294 1283 1530 1329 absolutae
1585 1283 1680 1328 fere

56 1367 200 1421 erant,
241 1364 320 1409 sed
356 1364 460 1409 hinc
498 1368 544 1409 et
580 1364 760 1410 aliunde
799 1364 955 1410 addita
1005 1368 1112 1410 sunt
1159 1369 1319 1423 postea
1366 1365 1587 1424 quaedam
1635 1368 1680 1410 et

56 1447 264 1504 suppleta
301 1446 359 1492 ad
396 1447 595 1492 rationes
634 1451 814 1492 nostras
851 1446 1122 1504 firmandas,
1163 1461 1218 1493 ne
1255 1461 1308 1493 ea
1355 1448 1560 1506 neglecta
1610 1448 1677 1493 vi-·

55 1527 283 1585 derentur‚
323 1541 438 1586 quae
476 1528 533 1573 ab
573 1529 675 1573 aliis
712 1528 799 1574 huc
837 1530 1090 1586 spectantia
1128 1528 1360 1587 disputata
1398 1533 1515 1575 sunt.

180 1610 390 1656 Ceterum
428 1611 467 1655 si
504 1611 581 1668 qui
617 1611 841 1656 mirantur
877 1611 948 1656 vel
985 1610 1144 1656 tabula
1183 1612 1437 1670 argumenti
1474 1612 1678 1669 inspecta

55 1693 102 1738 in
137 1692 224 1738 hoc
261 1691 416 1738 libello
455 1692 509 1737 de
547 1691 823 1738 carminibus
850 1693 980 1738 LXII
1014 1696 1059 1738 et
1083 1692 1280 1739 LXVIII
1319 1693 1464 1739 denuo
1497 1694 1678 1751 copiose

56 1773 240 1834 disseri,
296 1775 401 1832 quia
455 1775 586 1819 nimis
645 1774 738 1819 fere
793 1775 935 1821 multa
991 1775 1046 1820 de
1093 1776 1162 1820 his
1209 1776 1299 1820 iam
1349 1777 1520 1834 scripta
1571 1776 1676 1833 sint,

54 1856 167 1902 nihil
203 1857 346 1914 magis
383 1855 514 1902 nobis
553 1856 799 1913 optandum
838 1861 921 1914 est,
962 1871 1095 1915 quam
1133 1857 1245 1902 illud
1282 1858 1428 1903 uthis
1454 1871 1678 1903 commen-

53 1938 304 1984 tationibus
340 1938 552 1996 perlectis
599 1939 756 1984 mirari
804 1938 1012 1984 desinant
1058 1943 1103 1984 et
1149 1938 1295 1985 denuo
1346 1940 1416 1985 his
1464 1940 1679 1997 exemplis

55 2019 397 2078 comprobatum
442 2019 673 2065 fateantur
726 2020 773 2065 id
827 2020 947 2078 quod
993 2020 1205 2066 Welcker
1250 2021 1475 2080 quondam
1522 2018 1680 2065 klez'ne

57 2097 296 2160 Schrfflen
332 2102 377 2147 II
413 2116 457 2159 p.
505 2104 598 2148 129
641 2101 776 2147 dixit:
826 2100 896 2146 Es
942 2100 1007 2147 ist
1055 2100 1139 2147 der
1187 2099 1548 2148 Nebenvortlzez'l
1595 2101 1679 2147 der

58 2179 253 2243 einfach
291 2181 516 2244 richtzjqen
553 2180 950 2245 W'ahrnehmuny,
990 2180 1106 2243 dass
1144 2183 1215 2229 sie
1253 2200 1335 2230 zur
1372 2182 1557 2230 sichem.
1583 2184 1678 2229 Be-

53 2262 323 2326 ricktz'yzmy
360 2262 505 2310 vz'eler
544 2264 732 2310 andern
777 2263 1038 2312 Umstcivde
1074 2265 1177 2311 und
1202 2265 1535 2329 Beziehunyen
1565 2264 1675 2312 Ver-

56 2344 318 2408 anlassuny
350 2345 491 2408 yz'ebt.

180 2451 276 2499 Scr.
316 2453 490 2499 Isenaci
526 2467 678 2499 mense
715 2454 928 2500 Ianuario
969 2469 1010 2500 a.
1059 2456 1204 2500 1890.

1212 2584 1289 2637 H.
1337 2584 1592 2638 Weber.
