2013 3223
1035 151 1086 185 10

251 277 419 330 passivo
452 288 599 329 genere
632 275 905 328 praeteritum
937 275 1104 325 tempus
1137 271 1406 324 significatur,
1440 272 1637 324 quoniam
1667 272 1709 312 in
1741 284 1870 313 unam

252 347 466 388 notionem
506 346 678 394 coaluit,
725 345 888 384 inverso
929 342 1115 396 partium
1157 342 1298 383 ordine
1332 342 1466 383 denuo
1500 342 1621 395 quasi
1657 343 1698 382 in
1730 344 1870 395 partes

250 429 353 457 suas
387 416 638 464 dissolvitur,
671 416 718 455 ut
750 426 798 455 ea
830 413 1019 453 membra
1061 424 1183 453 suam
1217 412 1429 464 quandam
1460 412 1545 452 vim
1583 425 1730 453 rursus
1770 413 1873 454 reci-

197 533 205 540 .
252 487 383 541 piant.
445 487 511 526 Fit
550 486 678 537 igitur
719 483 884 532 deinde,
932 485 981 524 ut
1020 483 1176 535 legenti
1215 483 1331 535 prius
1375 484 1566 524 occurrat
1607 483 1718 524 notio
1759 483 1873 524 verbi

256 548 377 618 ⁴est’‚
416 557 481 598 cui
514 555 679 596 additur
717 555 846 595 altero
879 554 967 594 loco
1001 565 1048 594 ea
1080 553 1224 602 forma,
1259 565 1363 605 quae
1387 553 1654 594 collocatione
1688 565 1764 593 sua
1787 552 1873 594 veri

253 627 460 681 participii
493 627 576 667 vim
609 627 720 666 certe
753 625 1021 676 aliquatenus
1054 626 1284 677 recuperat.

371 698 578 738 Effectum
620 708 709 736 esse
749 695 908 747 aliquid
953 695 1005 735 ad
1047 694 1279 735 sententiae
1311 695 1396 735 vim
1429 694 1647 747 gerundivi
1688 696 1730 735 et
1760 693 1875 735 verbi

250 762 360 831 ‹est’
396 767 670 808 disiunctione
703 765 994 818 unusquisque
1028 765 1183 805 sentiet
1214 764 1257 804 in
1289 764 1366 805 hoc
1398 765 1484 805 loco
1516 764 1554 804 V
1589 769 1738 817 4sqq.:

490 836 605 878 Soles
637 835 819 877 occidere
851 838 888 876 et
919 835 1060 876 redire
1085 837 1289 886 possunt:

487 907 621 949 Nobis
653 920 745 947 cum
777 905 903 948 semel
932 906 1083 947 occidit
1114 905 1248 946 brevis
1281 904 1367 954 lux,

489 978 587 1020 Nox
618 981 676 1019 est
702 979 910 1030 perpetua
943 990 1034 1017 una
1067 975 1322 1017 dormienda.

252 1050 335 1092 Ubi
387 1050 571 1103 proximo
610 1049 810 1090 vocabulo
855 1039 962 1109 ‘lux’
1008 1047 1231 1101 opponitur
1281 1046 1476 1087 continuo
1522 1058 1620 1106 ‘nox
1652 1037 1751 1095 est'‚
1810 1045 1877 1086 cui

248 1121 423 1162 demum
456 1120 618 1172 reliqua
650 1119 889 1160 adiciuntur
922 1118 1139 1171 gerundivi
1171 1117 1306 1158 forma
1338 1117 1545 1158 conclusa.
1606 1116 1674 1157 Ita
1710 1116 1877 1170 propria

251 1192 365 1232 notio
398 1191 627 1244 separatim
659 1190 862 1231 collocata
894 1189 1068 1230 validior
1090 1188 1175 1229 fere
1207 1188 1266 1238 fit,
1300 1200 1406 1240 quae
1438 1188 1622 1241 proxime
1655 1187 1876 1228 coniuncta

248 1275 350 1304 cum
382 1252 764 1322 insequenti-‘est‘
800 1260 840 1301 vi
873 1272 950 1301 sua
981 1260 1198 1300 minuitur.

371 1333 489 1374 Licet
510 1333 553 1372 in
575 1331 797 1385 permultis
835 1331 937 1371 locis
971 1342 1020 1371 ea
1043 1342 1171 1382 quam
1204 1329 1432 1370 statuimus
1466 1327 1700 1369 differentia
1730 1339 1878 1368 evane-

255 1406 347 1445 scat
370 1403 466 1453 fere,
500 1405 643 1444 tamen
665 1403 708 1443 in
730 1402 908 1443 totidem
931 1401 1022 1442 aliis
1054 1400 1102 1441 fit
1124 1400 1357 1453 conspicua,
1391 1400 1432 1440 et
1455 1400 1519 1440 est
1541 1400 1652 1439 certe
1679 1410 1738 1447 ea,
1771 1410 1877 1451 quac

252 1475 290 1515 si
332 1487 415 1515 non
457 1486 621 1527 semper
659 1486 733 1527 per
773 1473 909 1526 ipsam
950 1471 1266 1513 collocationem
1307 1470 1436 1511 etiam
1475 1470 1643 1510 nolente
1677 1468 1877 1522 scriptore

250 1545 453 1595 efficitur,
497 1546 639 1586 tamen
680 1545 757 1585 hoc
789 1544 954 1585 volente
995 1544 1037 1584 et
1077 1542 1320 1583 intendente
1353 1540 1474 1581 facile
1506 1541 1548 1580 in
1580 1539 1758 1592 legentis
1791 1538 1880 1579 ani-

252 1629 373 1657 mum
404 1615 573 1657 incidat.
633 1615 726 1656 Iam
757 1615 799 1655 in
831 1614 896 1654 his
921 1626 1027 1666 quae
1061 1626 1110 1654 ex
1142 1612 1279 1653 intimi
1313 1611 1441 1652 animi
1473 1610 1746 1652 commotione
1779 1609 1880 1650 dicit

253 1688 377 1740 poeta
408 1687 450 1727 in
483 1699 514 1727 c.
547 1685 731 1726 LXVIII
765 1690 816 1725 22
852 1702 909 1720 =
942 1689 995 1726 94
1029 1683 1244 1725 collocatio
1289 1682 1458 1735 quidem
1497 1681 1717 1722 verborum
1755 1679 1877 1721 ferire

250 1757 379 1798 debet
411 1770 583 1798 sensum
614 1758 830 1798 nostrum:

555 1827 707 1868 Tecum
738 1839 830 1867 una
862 1827 947 1866 tota
980 1827 1039 1866 est
1069 1827 1216 1865 nostm
1246 1822 1414 1875 sepulta
1446 1822 1591 1863 domus

255 1900 327 1940 ubi
384 1901 473 1940 tota
505 1890 587 1940 est
624 1898 709 1939 sive
766 1889 917 1938 totast'
956 1908 980 1937 a
1011 1895 1212 1949 principio
1254 1894 1500 1948 ampliorem
1538 1905 1631 1934 eam
1663 1892 1881 1945 cogitatio-

251 1983 353 2011 nem
382 1970 548 2019 excitat,
582 1981 688 2022 quae
721 1981 795 2022 per
826 1968 1052 2020 insequens
1095 1956 1298 2028 sepulta'
1339 1965 1502 2018 proprie
1539 1963 1806 2017 praedicatur
1838 1963 1881 2003 et

255 2041 299 2081 in
332 2041 547 2093 angustias
580 2040 795 2092 redigitur.

375 2111 511 2164 Igitur
552 2113 602 2152 ut
665 2111 885 2151 adlocutus
934 2100 1016 2149 est'
1066 2119 1142 2161 par
1190 2108 1255 2147 est
1302 2106 1468 2147 omnino
1518 2105 1676 2146 activae
1723 2103 1879 2145 formae

258 2175 528 2243 appellavit'
573 2182 846 2233 similiterque
878 2180 926 2220 fit
958 2179 1001 2219 in
1043 2178 1235 2219 omnibus
1268 2177 1424 2230 passivi
1467 2175 1684 2229 praeteriti
1724 2174 1881 2223 formis,

255 2254 318 2294 113
376 2253 541 2294 deserta
582 2244 699 2294 sunt'
734 2265 817 2293 non
859 2251 970 2291 idem
1010 2251 1075 2291 est
1118 2261 1166 2290 ac
1222 2250 1321 2289 sunt
1362 2239 1560 2296 deserta’‚
1599 2245 1710 2299 quod
1743 2246 1882 2286 osten-

256 2299 367 2364 dunt
398 2324 501 2365 haec
532 2324 574 2364 in
607 2336 639 2364 c.
670 2322 807 2363 LXIV
844 2327 925 2363 186
941 2333 1023 2373 sq:

1272 2389 1416 2431 omnia
1447 2390 1576 2437 muta,

501 2464 656 2506 Omnia
685 2467 784 2505 sum}
816 2464 991 2513 deserta,
1024 2463 1233 2503 ostentant
1265 2460 1410 2501 omnia
1443 2458 1578 2499 letum.

259 2536 331 2577 ubi
363 2536 623 2588 reliquarum
654 2536 873 2576 notionum
905 2533 1219 2588 propinquitate
1252 2544 1300 2572 ea
1332 2530 1567 2571 differentia
1599 2529 1787 2582 augetur.

379 2609 438 2647 Ac
470 2608 587 2659 patet
617 2606 733 2655 illud,
767 2607 876 2647 sicut
906 2605 1063 2646 formae
1106 2594 1277 2665 ‘iratus'
1323 2598 1481 2662 ‘notus'
1527 2596 1735 2662 ‘sanctus'
1776 2598 1880 2639 aliae

258 2677 563 2718 adiectivorum
586 2678 696 2717 vices
723 2678 970 2730 plerumque
1002 2676 1149 2716 tenent
1171 2673 1477 2725 durantemque
1511 2671 1696 2723 aliquam
1728 2667 1883 2721 signifi-

258 2750 360 2789 cant
400 2748 506 2796 vim,
545 2748 646 2788 item
679 2747 730 2788 ad
763 2747 938 2788 eandem
972 2746 1057 2787 vim
1099 2745 1365 2797 aliquatenus
1399 2741 1609 2783 admoveri
1641 2740 1722 2780 alia
1752 2738 1884 2792 parti-

258 2819 369 2873 cipia
401 2819 575 2860 verbum
608 2818 805 2859 auxiliare
843 2810 946 2878 ‘est'
983 2815 1303 2868 subsequentia,
1351 2814 1466 2854 velut
1506 2813 1548 2853 in
1581 2824 1612 2853 c.
1644 2810 1769 2852 XVII
1804 2815 1881 2850 14:
