2013 3223
891 130 972 166 143

118 253 310 294 nascitur
341 253 450 293 inter
481 252 597 305 prius
638 252 742 293 illud
783 253 1020 294 membrum
1063 254 1104 294 et
1141 253 1367 305 insequens
1410 254 1529 314 ‘mihi
1567 256 1740 297 milibus

117 314 350 372 trecentis',
384 323 449 363 cui
471 325 680 375 repugnat
705 316 862 384 ι11101ε’,
897 322 1005 375 011οᾶ
1038 323 1122 364 iam
1144 324 1187 363 in
1209 324 1279 364 illo
1309 324 1497 365 membro
1528 325 1736 367 insertum

118 395 193 435 est.
255 393 416 446 Nempe
457 393 518 433 vis
561 404 667 444 quae
700 392 887 433 eiusdem
928 405 1130 446 personae
1168 394 1401 446 pronomini
1443 387 1581 456 ‘mihi'
1625 396 1740 437 inse-

118 463 263 516 quenti
295 475 318 503 a
348 464 470 515 poeta
501 463 589 515 ipso
623 463 834 512 tribuitur,
866 463 908 503 in
937 464 1009 504 illa
1032 464 1270 505 coniectura
1300 465 1466 506 notione
1499 477 1576 506 sua
1608 468 1734 508 caret.

118 533 199 575 Sed
232 533 341 585 quod
377 525 434 594 ‘e’
469 532 512 572 in
545 531 578 573 O
610 533 811 573 omissum
854 535 936 582 est,
977 533 1096 574 facile
1137 534 1331 574 librarius
1373 537 1605 576 metrorum
1648 537 1738 578 sive

114 604 339 655 neglegens
373 603 457 643 sive
489 603 660 654 ignarus
692 603 797 644 illud
839 595 900 665 ce'
935 604 1294 657 interpretationis
1337 605 1403 645 vel
1445 606 1606 657 glossae
1645 607 1734 648 loco

116 673 373 726 adscriptum
396 685 485 713 esse
508 674 626 713 ratus
650 674 800 723 omisit,
822 676 871 714 ut
894 675 1091 727 exemplis
1110 674 1413 716 demonstravit
1429 675 1481 715 Κ.
1498 675 1542 717 P.
1557 676 1733 718 Schulze

114 744 158 784 in
189 743 348 784 Herma
383 748 494 785 1888
527 756 565 796 p.
599 749 695 786 579.

233 813 440 864 Quoniam
478 805 622 874 ‘meis'
659 813 774 854 nullo
815 813 938 854 modo
976 814 1174 854 orationis
1217 815 1387 855 0011οΧ111
1431 817 1736 858 accommodari

111 896 232 937 posse
265 885 450 937 apparet,
482 883 667 924 tollenda
700 885 764 924 est
796 884 961 924 omnino
994 896 1041 924 ea
1072 884 1185 925 notio
1225 897 1272 926 ex
1303 885 1383 926 hoc
1414 886 1512 936 loco,
1546 887 1656 939 quod
1686 887 1735 928 fit

112 954 191 995 hac
222 954 437 995 lenissima
468 954 651 994 medela:

356 1023 525 1073 Verani,
558 1023 749 1064 omnibus
781 1023 1012 1064 eminens
1045 1024 1206 1073 amieis,

345 1093 573 1134 Antistans
604 1093 710 1134 mihi
741 1092 914 1134 milibus
944 1094 1150 1144 trecentis,

355 1163 571 1205 Venistine
603 1196 611 1204 .
644 1196 652 1204 .

109 1234 222 1275 Nam
258 1226 479 1296 (0111111010)
524 1235 710 1276 construi
751 1235 849 1276 licet
889 1247 986 1275 cum
1030 1235 1211 1276 ablativo
1255 1235 1304 1276 cf.
1341 1237 1516 1278 Kiihner
1555 1238 1581 1278 1.
1620 1251 1651 1280 0.
1688 1239 1734 1280 Π

109 1318 148 1359 p.
182 1311 277 1354 267,
310 1305 381 1346 ubi
413 1304 585 1346 affertur
616 1305 771 1346 Lucan.
803 1305 847 1346 II
880 1311 962 1347 266
977 1317 1037 1357 sq.
1081 1306 1176 1359 (nt)
1208 1305 1353 1346 nullae
1384 1309 1524 1348 tamen
1555 1322 1733 1361 aequore

109 1388 236 1426 rupes
266 1375 486 1416 emineant.
550 1375 805 1428 Corruptum
839 1378 981 1416 autem
1014 1375 1094 1416 fuit
1125 1376 1166 1416 id
1198 1378 1448 1418 vocabulum
1489 1379 1732 1432 compendio

111 1446 353 1499 scripturae,
386 1447 478 1486 tum
510 1445 722 1487 distractis
746 1446 962 1505 syllabis
976 1458 995 1487 e
1019 1439 1155 1495 mief',
1187 1459 1286 1488 nam
1308 1448 1474 1489 litterae
1521 1442 1553 1489 i'
1590 1451 1632 1490 et
1688 1443 1728 1491 e'

109 1516 351 1569 saepissime
383 1516 492 1556 inter
524 1528 567 1556 se
599 1518 788 1557 mutatae
823 1518 932 1557 sunt.
993 1516 1224 1558 Veranium
1255 1518 1385 1570 igitur
1417 1520 1599 1572 primum
1632 1520 1733 1562 dicit

110 1585 303 1627 Catullus
345 1586 601 1627 eminentem
649 1587 841 1628 omnibus
884 1587 1049 1636 amicis,
1090 1589 1161 1640 qui
1204 1589 1369 1640 quidem
1416 1590 1475 1630 ita
1516 1593 1733 1642 vocantur,

108 1657 201 1697 tum
234 1669 331 1697 eum
364 1657 434 1708 qui
467 1656 544 1697 sibi
578 1657 746 1708 quidem
777 1658 908 1710 pluris
942 1658 997 1698 sit
1030 1670 1157 1710 quam
1190 1660 1224 1699 si
1256 1661 1446 1701 trecenta
1479 1661 1596 1702 milia
1629 1662 1739 1702 ami-

109 1738 255 1768 corum
286 1726 470 1767 haberet.

224 1867 275 1907 In
306 1879 429 1908 versu
463 1872 486 1909 5

571 1938 742 1979 Venisti.
776 1951 797 1979 0
829 1939 933 1979 mihi
964 1940 1129 1980 nunete't'
1162 1940 1271 1982 beati

106 2007 211 2048 illud
248 2000 307 2069 to'
344 2021 440 2049 cum
482 2009 673 2061 genetivo
716 2009 1026 2051 exclamationis
1067 2012 1253 2052 construi
1293 2012 1348 2052 M.
1379 2012 1527 2066 Haupt
1570 2014 1733 2066 excogi-

106 2078 225 2127 tavit,
256 2079 448 2131 probavit
478 2081 624 2132 postea
655 2079 898 2120 Lachmann
932 2080 982 2121 ad
1010 2081 1130 2122 Lucr.
1153 2095 1190 2135 p.
1215 2087 1311 2131 326,
1345 2083 1530 2124 stabilire
1554 2085 1738 2125 conatus.

107 2150 172 2189 est
201 2148 408 2190 Biicheler
439 2161 586 2202 graeco
618 2162 699 2190 usu
732 2152 970 2204 comparato
1003 2151 1036 2191 ὢ
1068 2158 1143 2192 τοῦ
1183 2150 1437 2206 εὗαγγελίου.
1503 2153 1584 2194 Sed
1619 2155 1729 2206 quod

105 2221 218 2260 recte
252 2219 379 2260 edixit
412 2218 458 2261 Ο.
490 2219 698 2260 Riemann
729 2223 904 2273 syntaxe
936 2220 1093 2262 Latine
1127 2228 1237 2264 1886
1272 2224 1294 2275 ξ
1320 2229 1371 2265 61
1406 2237 1444 2277 p.
1469 2229 1521 2266 99
1555 2224 1593 2265 le
1613 2224 1730 2277 9έηὶ-

105 2288 167 2340 tif
190 2287 445 2340 exclamatis,
476 2289 516 2329 si
547 2302 737 2330 commun
769 2303 820 2331 en
849 2304 944 2344 grec
971 2304 1083 2343 pom·
1113 2305 1313 2345 marquer
1355 2292 1399 2334 Za
1430 2307 1554 2335 cause
1595 2294 1645 2335 de
1676 2294 1731 2336 tel

105 2370 158 2399 ou
189 2358 243 2400 tel
278 2362 533 2400 mouvement
572 2359 621 2400 de
661 2360 783 2402 l’ame
820 2362 895 2413 qui
936 2375 978 2402 se
1019 2362 1185 2403 traduit
1214 2376 1305 2415 par
1343 2376 1427 2405 une
1466 2364 1729 2418 interjection

105 2430 218 2486 (φεῦ,
250 2436 325 2471 τοῦ
356 2429 547 2485 ἀνδρός),
575 2443 663 2482 par
693 2443 775 2472 une
815 2432 1063 2483 apostrophe
1106 2445 1195 2473 aux
1232 2432 1382 2474 Dieux
1423 2432 1474 2488 (ὦ
1505 2434 1727 2488 Πόσειδον,

105 2499 252 2541 δεινῶν
282 2499 443 2554 λόγων),
475 2503 558 2551 etc„
588 2514 639 2541 ne
669 2513 712 2542 se
742 2505 958 2543 rencontre
981 2515 1096 2554 pour
1127 2503 1244 2544 ainsi
1276 2503 1368 2545 dire
1390 2516 1477 2556 pas
1517 2518 1568 2546 en
1606 2504 1725 2556 latin,

104 2570 147 2611 id
177 2570 221 2610 in
253 2569 470 2612 Catullum
499 2574 668 2625 poetam
699 2585 794 2614 vere
817 2574 1055 2614 Romanum
1086 2575 1291 2628 imprimis
1333 2575 1458 2616 cadit.
1519 2575 1728 2618 Paucissi-

103 2652 195 2681 mos
219 2653 287 2681 eos
309 2641 432 2691 locos,
465 2643 616 2694 quibus
638 2643 673 2684 is
697 2644 914 2696 genetivus
938 2645 1249 2686 exclamationis
1282 2647 1431 2696 exstat,
1462 2646 1592 2688 habes
1616 2647 1726 2700 apud

103 2710 352 2752 Lorenzium
395 2712 446 2752 ad
478 2712 622 2754 Plauti
659 2714 782 2754 Most.
823 2727 857 2755 v.
901 2719 982 2755 912
1024 2714 1074 2755 cf.
1116 2715 1292 2756 Ktihner
1332 2716 1358 2756 1.
1401 2728 1434 2757 0.
1470 2716 1515 2757 Π
1551 2729 1590 2770 p.
1630 2721 1726 2759 305.

105 2779 244 2822 Semel
275 2783 444 2823 tantum
476 2783 586 2836 apud
617 2783 836 2825 Lucanum
867 2783 911 2824 H
942 2789 996 2826 45
1031 2796 1052 2824 o
1083 2785 1263 2826 miserae
1293 2785 1418 2826 sortis
1452 2778 1515 2849 ‘o'
1550 2799 1646 2828 cum
1679 2799 1729 2828 00
