2013 3223
1002 186 1013 187 ἶ
1040 129 1121 166 100
1182 184 1186 185 ⁷

387 258 533 309 Qualis
576 257 629 296 sit
672 267 850 296 conexus
902 253 1088 306 partium
1128 253 1303 305 posthac
1344 251 1523 304 patebit,
1571 251 1605 291 si
1656 251 1810 292 rectius
1854 252 1896 292 et

271 330 429 376 verius,
478 329 523 368 ut
567 326 729 379 opinor,
780 336 847 364 eos
888 324 998 363 locos
1042 323 1194 374 quibus
1229 322 1479 374 argumenta
1512 322 1657 362 contra
1689 321 1898 362 unitatem

270 400 433 453 prolata
473 398 667 437 nituntur
708 396 748 434 in
790 395 867 434 hac
908 393 1071 446 epicrisi
1112 394 1362 434 tractavero.
1425 394 1484 432 Ac
1516 404 1567 433 ne
1608 392 1721 444 longi
1754 393 1897 441 simus,

270 469 475 511 mirabilia
510 467 601 513 illa,
645 477 823 517 quorum
864 465 906 504 in
940 464 1017 504 hac
1051 464 1295 515 quaestione
1338 463 1557 516 multiplex
1599 464 1663 503 est
1705 463 1898 512 varietas,

270 540 407 581 omnia
440 538 669 578 mittemus.

388 608 708 649 Proliciscamur
741 607 792 646 ab
826 618 872 646 eo
907 605 1103 645 carminis
1138 605 1237 652 loco,
1270 605 1313 644 in
1347 616 1427 656 quo
1460 604 1773 658 interpretando
1808 603 1900 644 uni-

271 681 370 721 tatis
405 680 446 720 et
479 677 706 718 adversarii
739 678 781 717 et
813 675 1051 717 defensores
1083 675 1269 716 multum
1303 675 1456 716 versati
1490 677 1600 715 sunt.
1648 675 1805 716 Dicunt
1827 674 1899 724 illi,

271 751 341 803 qui
377 750 428 790 ad
462 748 644 789 amicum
678 759 823 788 versus
860 751 971 787 1—8
1006 746 1237 798 scripserit,
1285 758 1381 786 eum
1414 746 1528 786 nullo
1561 745 1682 785 modo
1715 745 1766 786 ad
1800 757 1901 785 eun-

271 821 366 862 dem
399 820 579 860 scribere
612 818 799 871 potuisse
834 829 1002 857 versum
1038 820 1141 857 155:

636 888 743 929 Sitis
773 886 915 940 felices
947 889 984 927 et
1015 890 1060 927 tu
1093 886 1226 927 simul
1256 890 1293 927 et
1325 889 1399 927 tua
1431 886 1528 928 vita.

271 962 401 1004 Cuius
445 972 588 1001 versus
632 959 830 1011 quoniam
873 958 1083 999 sententia
1122 957 1347 999 manifesta-
1388 960 1469 1007 est,
1519 957 1604 999 sive
1647 956 1697 998 ad
1735 968 1902 997 uxorem

271 1034 356 1073 sive
391 1031 442 1072 ad
474 1031 659 1084 puellam
695 1030 817 1070 amici
850 1029 1044 1083 pertinet,
1088 1042 1257 1070 omnem
1289 1029 1595 1069 dubitationem
1628 1027 1810 1068 afferunt
1842 1026 1903 1067 illi

270 1115 430 1151 versus,
464 1114 566 1154 quos
601 1100 798 1141 Schwabe
834 1101 891 1141 sic
924 1100 1075 1141 edidit:

510 1171 629 1223 Quod
660 1170 765 1210 milei
796 1170 972 1222 fortuna
1004 1184 1188 1221 ausuque
1219 1182 1441 1221 oppressus
1474 1169 1619 1210 acm-bo

573 1240 865 1292 Conscriffi‘um
899 1240 970 1281 hoe
1005 1240 1197 1281 lacrimis
1229 1241 1362 1281 mittis
1393 1240 1643 1292 epistolium,

508 1311 783 1364 Naufrayum
816 1314 862 1351 ut
894 1312 1065 1352 eiectum
1098 1311 1396 1363 spumantibus
1429 1311 1623 1363 aequoris
1658 1310 1785 1351 undis

567 1381 783 1423 ›Sublevem
816 1385 852 1423 et
885 1396 912 1422 a
945 1382 1089 1422 mortis
1123 1382 1268 1422 limine
1301 1382 1532 1431 restituam,

451 1459 474 1495 5
511 1454 638 1506 Quem
674 1466 803 1504 neque
834 1455 980 1494 sanctu
1026 1453 1164 1493 Venus
1197 1452 1311 1493 molli
1344 1453 1597 1504 requiescere
1628 1465 1769 1493 somno

568 1523 792 1564 Desertum
824 1524 870 1563 in
905 1522 1000 1564 lecto
1032 1522 1186 1564 caelibe
1213 1524 1463 1576 perpetum,

508 1595 596 1635 Nec
630 1598 806 1634 veterum
842 1594 956 1636 dulci
987 1595 1239 1645 scriptorum
1272 1595 1459 1634 cut-utine
1491 1594 1647 1634 Musae

572 1665 797 1713 oblectant,
829 1679 921 1705 cum
955 1678 1069 1706 mens
1102 1666 1236 1705 anxia
1266 1664 1508 1717 pervigilat,

507 1736 564 1777 Ιιῖ
593 1739 764 1789 gratum
796 1738 854 1776 est
886 1735 1004 1786 milei,
1037 1749 1100 1776 me
1132 1736 1336 1788 quoniam
1367 1736 1444 1777 tibi·
1477 1735 1585 1776 dicis
1617 1735 1801 1777 amicum

423 1814 475 1849 10
567 1806 838 1857 Manca-aque
872 1809 907 1847 et
940 1806 1172 1847 Musarum
1205 1806 1303 1847 Izi-uc
1328 1806 1441 1858 petis
1474 1810 1511 1847 et
1554 1806 1736 1848 Veneris.

271 1879 534 1931 Deriguntur
581 1879 683 1918 haec
732 1878 784 1918 ad
831 1878 1010 1918 Malium
1060 1878 1271 1930 quendam
1319 1878 1384 1919 vel
1432 1878 1484 1919 ad
1531 1878 1749 1919 Manlium.
1818 1877 1904 1919 Cur

275 1942 462 2012 ‘Manlii'
499 1961 651 1990 nomen
684 1949 875 1988 nonnulli
898 1948 1169 2001 praeferrent,
1202 1949 1365 1989 notavit
1396 1949 1447 1989 K.
1470 1949 1514 1989 P.
1540 1948 1716 1990 Schulze
1741 1947 1902 1989 Ztschr.

269 2019 356 2072 fid.
378 2018 631 2072 (imum—TV.
654 2023 766 2060 1880
800 2032 837 2072 p.
857 2024 952 2060 364.
1015 2019 1165 2059 Exstat
1196 2032 1349 2060 nomen
1382 2020 1423 2059 in
1458 2033 1491 2060 v.
1525 2026 1574 2060 11
1611 2021 1653 2060 et
1676 2024 1743 2069 30,
1776 2019 1847 2061 ubi
1863 2019 1901 2059 V

270 2091 499 2144 praebebat
535 2081 685 2151 tmali',
734 2090 806 2131 sed
845 2103 941 2131 eum
984 2090 1166 2131 codicem
1199 2090 1410 2143 duplicem
1450 2090 1648 2131 habuisse
1681 2091 1903 2132 lectionem

270 2161 455 2203 ostendit
487 2161 638 2202 codicis
671 2161 715 2202 M
756 2161 799 2201 111
832 2175 867 2202 v.
902 2168 951 2202 11
988 2162 1111 2202 lectio
1148 2162 1271 2223 (mali
1303 2163 1340 2201 et
1372 2161 1419 2201 iu
1450 2161 1644 2214 beamine
1677 2161 1718 2202 al
1750 2152 1899 2202 mauli'

271 2232 342 2286 (K.
375 2232 419 2273 P.
455 2232 629 2273 Schulze
662 2231 842 2273 Hermes
877 2237 988 2274 1888
1022 2246 1060 2286 p.
1096 2239 1222 2279 57:3›;
1271 2233 1327 2273 ibi
1366 2233 1541 2273 titulum
1575 2245 1740 2285 quoque
1772 2231 1902 2273 fuisse

276 2303 362 2364 ‘Ad
394 2297 607 2344 Mallium'
661 2305 846 2344 testatur
879 2317 904 2356 g
945 2305 988 2344 et
1018 2303 1062 2344 Μ
1111 2304 1152 2355 (l.
1186 2316 1218 2344 c.
1259 2317 1296 2357 p.
1331 2304 1444 2357 588).
1505 2305 1565 2344 Ac
1612 2303 1716 2344 nihil
1763 2302 1904 2353 refert,

272 2374 417 2415 utrum
440 2374 557 2414 Malii
590 2386 643 2414 an
665 2374 815 2415 Manlii
845 2387 999 2415 nomen
1029 2375 1098 2415 ille
1133 2374 1348 2421 habue1·it;
1383 2376 1494 2416 certe
1527 2375 1569 2415 in
1602 2375 1690 2415 eius
1723 2374 1902 2415 nominis

272 2444 389 2485 initio
429 2458 509 2485 non
554 2445 741 2486 vocalem
782 2445 855 2487 sed
897 2447 1197 2486 consonantem
1235 2445 1363 2486 fuisse
1398 2446 1562 2486 numeri
1595 2445 1756 2486 docent.
1820 2444 1902 2486 Sed

273 2513 325 2555 ad
359 2528 485 2567 quem
518 2515 705 2569 epilogus
738 2516 797 2565 fit,
830 2517 864 2556 is
898 2516 1022 2569 vulgo
1056 2516 1242 2557 creditur
1274 2517 1342 2557 ille
1366 2517 1501 2557 Allius
1534 2515 1676 2565 fuisse,
1709 2516 1827 2557 cuius
1859 2515 1902 2556 in

272 2585 441 2626 laudem
474 2586 607 2638 elegia
649 2598 755 2639 quae
790 2599 813 2627 a
846 2599 969 2628 versu
1003 2593 1054 2628 41
1090 2599 1223 2640 usque
1266 2587 1316 2627 ad
1350 2601 1385 2627 v.
1421 2593 1502 2628 148
1536 2586 1760 2627 intercedit
1792 2598 1902 2627 com-

272 2655 409 2709 posita
443 2658 518 2696 est.
581 2656 669 2698 Hoc
701 2669 853 2698 nomen
887 2658 1077 2699 codicum
1109 2658 1363 2699 testimoniis
1407 2659 1571 2699 constat
1603 2657 1668 2698 his
1701 2657 1743 2697 in
1775 2670 1811 2697 v.
1845 2661 1900 2699 50

272 2726 334 2780 (M
369 2718 479 2787 (alii'
526 2728 548 2767 i.
582 2740 614 2768 e.
657 2727 727 2768 alli
770 2728 818 2769 ef.
851 2729 876 2769 1.
909 2742 940 2769 c.
983 2741 1020 2782 p.
1055 2728 1177 2781 590),
1213 2733 1286 2778 66,
1330 2728 1563 2769 certissime
1597 2728 1844 2768 restitutum
1877 2739 1902 2768 a

274 2796 484 2850 Scaliger-o
517 2798 559 2838 111
594 2812 627 2839 v.
661 2804 728 2838 41.
790 2799 851 2840 De
886 2811 1009 2840 versu
1045 2805 1127 2842 150
1161 2798 1269 2840 infra
1304 2798 1547 2840 videbimus.
