2013 3223
1052 144 1074 179 6

252 269 468 317 monetur,
501 280 551 308 ne
586 268 745 308 duobus
779 267 950 318 reliquis
984 266 1180 313 dominis,
1210 265 1321 318 patri
1354 266 1395 305 et
1426 264 1574 313 matri,
1613 264 1870 305 adversetur.

252 338 398 390 Neque
440 338 619 390 amplius
661 339 874 378 certamen
905 335 1010 376 illud
1042 335 1228 384 ducitur,
1268 335 1377 387 quod
1411 336 1535 375 antea
1566 334 1676 375 inter
1708 335 1869 388 puellas

253 409 475 460 querentes
509 409 598 448 erat
631 408 672 447 et
704 407 874 446 iuvenes
907 417 1054 446 earum
1085 406 1259 446 crimina
1289 405 1570 453 defendentes,
1603 404 1675 445 sed
1707 405 1791 445 iam
1823 416 1872 446 ea

252 478 532 519 controversia
563 478 622 517 ita
655 476 885 525 dirimitur,
926 477 975 516 ut
1015 476 1125 517 idem
1159 477 1459 529 argumentum
1501 475 1629 516 semel
1660 475 1872 528 prolatum

253 548 386 589 denuo
419 548 668 588 immutetur
698 547 868 586 tantum
911 547 952 587 et
983 559 1065 587 non
1099 547 1186 587 sine
1219 547 1360 599 aliqua
1391 546 1612 587 venustate
1652 545 1873 598 paululum

253 618 459 666 flectatur,
494 617 565 657 sed
589 618 767 674 utraque
791 617 898 657 ratio
932 616 1077 657 eodem
1109 617 1231 666 redit,
1263 616 1305 657 id
1339 616 1449 669 quod
1482 628 1627 657 versus
1653 621 1703 657 61
1731 617 1872 668 aperte

253 689 439 729 declarat

745 756 897 809 quibus
923 769 1076 808 parere
1107 768 1268 797 necesse
1300 758 1359 796 est

253 830 429 870 collatus
463 841 559 869 cum
590 840 715 869 versu
749 833 800 870 65
835 828 936 869 hoc:

743 911 891 951 ρεπεν-ο
922 911 1003 938 sua
1034 898 1137 938 iura
1169 896 1383 938 dederunt.

255 969 478 1011 Certamen
518 969 647 1021 igitur
687 982 769 1010 non
812 969 1102 1017 continuatur,
1151 967 1223 1009 sed
1265 969 1412 1020 argute
1446 968 1488 1008 et
1520 967 1733 1019 eleganter
1765 979 1875 1008 com-

253 1040 444 1093 ponitur,
484 1039 681 1092 quoniam
713 1040 810 1080 talis
844 1039 1054 1080 conclusio
1086 1039 1216 1079 totius
1249 1038 1444 1079 carminis
1478 1037 1667 1087 consilio,
1710 1037 1776 1078 cui
1809 1049 1876 1078 ac-

255 1110 553 1159 commodatur,
587 1110 753 1163 deposci
785 1110 961 1151 videtur.

374 1181 497 1223 Certe
531 1195 567 1222 v.
603 1185 654 1222 62
698 1182 739 1221 et
780 1193 885 1233 quae
927 1181 1165 1232 sequuntur
1211 1179 1411 1219 iuvenum
1458 1179 1628 1219 tantum
1675 1178 1735 1219 ori
1782 1190 1877 1218 con-

254 1252 451 1300 veniunt3
486 1252 613 1305 quid‘?
649 1264 754 1304 quae
777 1251 1045 1304 praecedunt,
1078 1251 1113 1291 si
1135 1250 1285 1303 puellis
1308 1248 1530 1289 tribuenda
1554 1250 1681 1289 sunt?
1715 1249 1875 1302 Nempe

255 1323 396 1364 mariti
438 1323 529 1364 iura
568 1323 740 1364 iuvenes
781 1324 976 1370 tuentur,
1021 1321 1094 1373 qui
1122 1332 1271 1372 yenero
1302 1319 1641 1373 patrocinantur;
1673 1319 1877 1372 virginem

260 1394 538 1435 adhortantur
578 1394 763 1447 puellae,
801 1393 902 1434 dum
943 1392 985 1432 in
1026 1392 1286 1432 adlocutione
1318 1390 1506 1431 vocativo
1538 1389 1654 1442 vio-90
1686 1391 1878 1439 utuntur,

257 1465 474 1518 coniugem
516 1465 646 1506 talem
678 1465 702 1505 i.
735 1477 768 1505 e.
805 1464 936 1504 talem
977 1463 1112 1515 qualis
1156 1464 1220 1503 est
1261 1462 1345 1502 sive
1382 1461 1629 1523 ‘virtutibus
1669 1462 1758 1500 tam
1796 1460 1879 1501 exi-

256 1530 407 1576 mium'
443 1535 679 1577 laudantes.
740 1537 801 1576 Ac
832 1534 1082 1575 vocabulum
1118 1524 1257 1595 ‘talis'
1294 1532 1354 1572 ita
1386 1532 1510 1583 vulgo
1542 1530 1758 1584 usurpari,
1806 1530 1878 1571 do-

258 1609 353 1648 cent
385 1608 450 1647 vel
482 1607 525 1647 hi
557 1607 636 1648 loci
677 1606 886 1648 Ciceronis
928 1618 1001 1658 pro
1047 1604 1137 1645 Sex.
1169 1604 1288 1644 Rosc.
1320 1608 1395 1652 52,
1429 1608 1533 1643 151:
1573 1601 1780 1642 nimirum
1820 1600 1878 1641 si-

256 1677 416 1718 militer
458 1677 726 1718 arbitramur
766 1676 839 1717 isti
882 1676 1081 1716 bonorum
1121 1676 1337 1726 emptores,
1378 1685 1449 1713 vos
1487 1672 1572 1721 hic,
1614 1671 1717 1712 tales
1755 1671 1879 1721 viros,

256 1748 408 1799 sedere,
441 1748 515 1800 qui
547 1747 773 1799 excipiatis
804 1759 881 1796 eos,
914 1746 988 1798 qui
1020 1745 1068 1786 de
1099 1745 1190 1785 suis
1220 1743 1418 1784 manibus
1439 1742 1662 1795 effuqerint
1692 1743 1734 1783 et
1756 1742 1880 1782 divin.

257 1820 301 1860 in
333 1820 452 1861 Caec.
488 1825 552 1868 16,
586 1824 663 1861 51:
696 1817 768 1858 sed
797 1817 846 1857 de
877 1817 956 1857 isto
988 1815 1151 1857 custode
1182 1817 1260 1856 toto
1291 1814 1353 1855 sic
1383 1813 1496 1855 vobis
1536 1812 1774 1854 brevissime
1815 1825 1880 1853 re-

258 1890 485 1942 spondebo:
527 1902 612 1930 rnon
658 1900 741 1929 esse
780 1887 852 1929 hos
889 1886 993 1928 tales
1038 1886 1150 1927 viros
1189 1885 1499 1934 commissuros,
1544 1886 1590 1924 ut
1622 1915 1630 1924 .
1664 1915 1672 1924 .
1706 1915 1714 1923 .
1785 1883 1881 1923 Vir-

260 1962 449 2015 ginitatis
491 1973 586 2001 vero
634 1972 786 2000 nomen
837 1971 861 2000 a
902 1958 1122 1999 iuvenibus
1163 1957 1205 1997 in
1252 1956 1369 1996 initio
1408 1967 1554 1996 versus
1595 1954 1781 2007 positum
1821 1953 1882 1994 ita

260 2032 345 2073 fere
378 2031 646 2073 collocatione
679 2032 863 2078 notatur,
895 2031 944 2070 ut
976 2041 1022 2069 eo
1056 2028 1314 2069 adducamur
1346 2027 1518 2067 iuvenes
1558 2025 1600 2065 id
1632 2024 1881 2066 vocabulum

262 2103 314 2144 ad
360 2103 598 2156 puellarum
651 2102 778 2142 verba
833 2100 1040 2153 quaedam
1097 2098 1332 2139 alludentes
1388 2096 1554 2138 referre.
1630 2095 1707 2136 His
1753 2095 1882 2148 igitur

262 2174 494 2215 rationibus
537 2173 710 2225 apparet
750 2183 883 2212 unum
915 2182 1083 2211 versum
1114 2168 1375 2209 intercidisse
1409 2169 1505 2208 ante
1538 2178 1707 2207 versum
1741 2170 1807 2215 59,
1840 2165 1883 2205 in

264 2258 344 2297 quo
377 2244 662 2297 virginitatem
693 2243 778 2283 iam
810 2242 877 2283 vel
908 2241 1074 2293 coniugi
1106 2240 1246 2281 deberi
1278 2239 1343 2280 vel
1372 2239 1460 2280 eius
1482 2238 1571 2278 fieri
1593 2237 1883 2278 memorabant

263 2316 437 2368 puellae.

382 2386 532 2427 Verbis
566 2385 695 2438 igitur
728 2396 833 2437 quae
868 2384 1034 2424 exstant
1065 2382 1107 2422 in
1140 2381 1276 2423 codice
1309 2381 1341 2421 T

861 2456 897 2494 et
928 2456 1004 2493 tua
1034 2465 1108 2492 nec
1131 2464 1284 2504 puyna

267 2528 569 2569 continuantur
611 2526 818 2580 quaedam
860 2525 1010 2578 priora.
1071 2523 1163 2563 Iam
1204 2535 1300 2563 cum
1339 2533 1413 2561 nec
1439 2532 1586 2572 puyna
1625 2519 1790 2571 integra
1830 2517 1885 2558 sit

267 2600 309 2640 et
348 2599 460 2639 iusta
493 2600 707 2639 structura
740 2622 794 2626 —
835 2609 935 2637 nam
967 2595 1017 2636 de
1049 2594 1269 2646 negatione
1301 2605 1374 2632 neo
1406 2592 1449 2632 in
1480 2591 1601 2632 modo
1633 2588 1883 2643 prohibitivo

268 2671 471 2722 usurpata
519 2672 560 2710 et
607 2669 718 2722 apud
757 2668 973 2710 Catullum
1026 2665 1214 2717 legitima
1272 2663 1321 2704 cf.
1362 2662 1552 2703 Kuhneri
1593 2672 1768 2713 gramm.
1813 2659 1885 2699 lat.

267 2740 311 2781 H
342 2753 379 2793 p.
415 2746 495 2781 147
511 2752 570 2792 sq.
603 2763 658 2769 —-
698 2752 772 2792 pro
815 2738 951 2779 verbis
990 2739 1026 2777 et
1057 2739 1132 2776 tua
1164 2734 1331 2775 videtur
1359 2732 1667 2774 emendandum
1706 2742 1796 2771 esse
1828 2731 1887 2769 est

268 2813 344 2851 tua
385 2824 438 2852 sc.
481 2811 709 2863 virginitas,
749 2822 876 2862 quam
908 2809 1091 2857 iuvenes,
1124 2806 1224 2846 dum
1255 2804 1494 2858 puellarum
1526 2801 1695 2855 aliquod
1727 2800 1887 2841 dictum
