<?xml version="1.0" encoding="UTF-8"?>
<!DOCTYPE html PUBLIC "-//W3C//DTD XHTML 1.0 Transitional//EN"
    "http://www.w3.org/TR/xhtml1/DTD/xhtml1-transitional.dtd">
<html xmlns="http://www.w3.org/1999/xhtml" xml:lang="en" lang="en">
 <head>
  <title>
</title>
<meta http-equiv="Content-Type" content="text/html;charset=utf-8" />
  <meta name='ocr-system' content='tesseract 3.04.00' />
  <meta name='ocr-capabilities' content='ocr_page ocr_carea ocr_par ocr_line ocrx_word'/>
</head>
<body>
  <div class='ocr_page' id='page_1' title='image "./quaestionescatul00webeuoft_0087.png"; bbox 0 0 2013 3223; ppageno 0'>
   <div class='ocr_carea' id='block_1_1' title="bbox 0 0 25 2537">
    <p class='ocr_par' dir='ltr' id='par_1_1' title="bbox 0 0 25 2537">
     <span class='ocr_line' id='line_1_1' title="bbox 0 0 25 2537; baseline 0 0"><span class='ocrx_word' id='word_1_1' title='bbox 0 0 25 2537; x_wconf 95' lang='lat' dir='ltr'> </span> 
     </span>
    </p>
   </div>
   <div class='ocr_carea' id='block_1_2' title="bbox 891 147 943 183">
    <p class='ocr_par' dir='ltr' id='par_1_2' title="bbox 891 147 943 183">
     <span class='ocr_line' id='line_1_2' title="bbox 891 147 943 183; baseline -0.019 0"><span class='ocrx_word' id='word_1_2' title='bbox 891 147 943 183; x_wconf 84' lang='lat'>67</span> 
     </span>
    </p>
   </div>
   <div class='ocr_carea' id='block_1_3' title="bbox 812 200 1021 205">
    <p class='ocr_par' dir='ltr' id='par_1_3' title="bbox 812 200 1021 205">
     <span class='ocr_line' id='line_1_3' title="bbox 812 200 1021 205; baseline 0 0"><span class='ocrx_word' id='word_1_3' title='bbox 812 200 1021 205; x_wconf 95' lang='lat' dir='ltr'> </span> 
     </span>
    </p>
   </div>
   <div class='ocr_carea' id='block_1_4' title="bbox 106 240 1727 394">
    <p class='ocr_par' dir='ltr' id='par_1_4' title="bbox 106 240 1727 394">
     <span class='ocr_line' id='line_1_4' title="bbox 108 240 1727 326; baseline 0.001 -14"><span class='ocrx_word' id='word_1_4' title='bbox 108 271 152 312; x_wconf 85' lang='lat' dir='ltr'>et</span> <span class='ocrx_word' id='word_1_5' title='bbox 182 275 236 312; x_wconf 85' lang='lat'>47</span> <span class='ocrx_word' id='word_1_6' title='bbox 271 270 503 319; x_wconf 81' lang='lat' dir='ltr'>adhibetur,</span> <span class='ocrx_word' id='word_1_7' title='bbox 536 271 580 310; x_wconf 93' lang='lat' dir='ltr'>in</span> <span class='ocrx_word' id='word_1_8' title='bbox 603 270 893 323; x_wconf 78' lang='lat' dir='ltr'>explanatione</span> <span class='ocrx_word' id='word_1_9' title='bbox 917 270 1105 311; x_wconf 90' lang='lat' dir='ltr'>eiusdem</span> <span class='ocrx_word' id='word_1_10' title='bbox 1138 240 1376 311; x_wconf 68' lang='lat' dir='ltr'>structurae</span> <span class='ocrx_word' id='word_1_11' title='bbox 1398 270 1441 311; x_wconf 91' lang='grc'>111</span> <span class='ocrx_word' id='word_1_12' title='bbox 1464 271 1727 326; x_wconf 83' lang='lat' dir='ltr'>antistropha</span> 
     </span>
     <span class='ocr_line' id='line_1_5' title="bbox 106 341 605 394; baseline -0.004 -12"><span class='ocrx_word' id='word_1_13' title='bbox 106 342 333 394; x_wconf 86' lang='lat' dir='ltr'>usurpatae</span> <span class='ocrx_word' id='word_1_14' title='bbox 365 341 605 382; x_wconf 81' lang='lat' dir='ltr'>disseretur.</span> 
     </span>
    </p>
   </div>
   <div class='ocr_carea' id='block_1_5' title="bbox 92 480 1727 2786">
    <p class='ocr_par' dir='ltr' id='par_1_5' title="bbox 104 480 1727 743">
     <span class='ocr_line' id='line_1_6' title="bbox 223 480 1727 535; baseline 0.003 -15"><span class='ocrx_word' id='word_1_15' title='bbox 223 481 310 522; x_wconf 88' lang='lat' dir='ltr'>Nec</span> <span class='ocrx_word' id='word_1_16' title='bbox 341 481 480 521; x_wconf 92' lang='lat' dir='ltr'>minus</span> <span class='ocrx_word' id='word_1_17' title='bbox 512 481 554 521; x_wconf 87' lang='lat' dir='ltr'>in</span> <span class='ocrx_word' id='word_1_18' title='bbox 588 481 849 533; x_wconf 82' lang='lat' dir='ltr'>antistropha</span> <span class='ocrx_word' id='word_1_19' title='bbox 880 480 1065 521; x_wconf 87' lang='lat' dir='ltr'>Pleitner</span> <span class='ocrx_word' id='word_1_20' title='bbox 1097 481 1121 521; x_wconf 87' lang='lat' dir='ltr'>l.</span> <span class='ocrx_word' id='word_1_21' title='bbox 1145 493 1177 521; x_wconf 94' lang='lat' dir='ltr'>c.</span> <span class='ocrx_word' id='word_1_22' title='bbox 1198 493 1236 533; x_wconf 89' lang='lat' dir='ltr'>p.</span> <span class='ocrx_word' id='word_1_23' title='bbox 1261 486 1358 523; x_wconf 77' lang='lat'>75-</span> <span class='ocrx_word' id='word_1_24' title='bbox 1380 488 1431 523; x_wconf 86' lang='lat'>79</span> <span class='ocrx_word' id='word_1_25' title='bbox 1465 484 1576 523; x_wconf 88' lang='lat' dir='ltr'>recte</span> <span class='ocrx_word' id='word_1_26' title='bbox 1601 495 1727 535; x_wconf 90' lang='lat' dir='ltr'>quae-</span> 
     </span>
     <span class='ocr_line' id='line_1_7' title="bbox 105 550 1726 604; baseline 0.001 -12"><span class='ocrx_word' id='word_1_27' title='bbox 105 550 204 592; x_wconf 86' lang='lat' dir='ltr'>dam</span> <span class='ocrx_word' id='word_1_28' title='bbox 249 550 372 599; x_wconf 76' lang='lat' dir='ltr'>vidit,</span> <span class='ocrx_word' id='word_1_29' title='bbox 419 551 468 591; x_wconf 90' lang='lat' dir='ltr'>de</span> <span class='ocrx_word' id='word_1_30' title='bbox 514 551 665 603; x_wconf 88' lang='lat' dir='ltr'>quibus</span> <span class='ocrx_word' id='word_1_31' title='bbox 713 551 901 591; x_wconf 89' lang='lat' dir='ltr'>omnium</span> <span class='ocrx_word' id='word_1_32' title='bbox 940 551 1221 604; x_wconf 75' lang='lat' dir='ltr'>interpretum</span> <span class='ocrx_word' id='word_1_33' title='bbox 1263 553 1494 593; x_wconf 90' lang='lat' dir='ltr'>communis</span> <span class='ocrx_word' id='word_1_34' title='bbox 1535 552 1619 594; x_wconf 84' lang='lat' dir='ltr'>fere</span> <span class='ocrx_word' id='word_1_35' title='bbox 1662 556 1726 594; x_wconf 91' lang='lat' dir='ltr'>est</span> 
     </span>
     <span class='ocr_line' id='line_1_8' title="bbox 105 611 1725 674; baseline 0.002 -13"><span class='ocrx_word' id='word_1_36' title='bbox 105 611 229 669; x_wconf 83' lang='lat' dir='ltr'>error,</span> <span class='ocrx_word' id='word_1_37' title='bbox 272 620 381 672; x_wconf 92' lang='lat' dir='ltr'>quod</span> <span class='ocrx_word' id='word_1_38' title='bbox 412 621 538 662; x_wconf 90' lang='lat' dir='ltr'>nimis</span> <span class='ocrx_word' id='word_1_39' title='bbox 570 621 823 674; x_wconf 83' lang='lat' dir='ltr'>longinquae</span> <span class='ocrx_word' id='word_1_40' title='bbox 856 633 922 662; x_wconf 86' lang='lat' dir='ltr'>res</span> <span class='ocrx_word' id='word_1_41' title='bbox 957 621 1171 672; x_wconf 83' lang='lat' dir='ltr'>quaesitae</span> <span class='ocrx_word' id='word_1_42' title='bbox 1206 623 1305 662; x_wconf 87' lang='lat' dir='ltr'>sunt</span> <span class='ocrx_word' id='word_1_43' title='bbox 1337 634 1357 662; x_wconf 89' lang='lat' dir='ltr'>e</span> <span class='ocrx_word' id='word_1_44' title='bbox 1390 623 1579 664; x_wconf 87' lang='lat' dir='ltr'>versibus</span> <span class='ocrx_word' id='word_1_45' title='bbox 1610 624 1725 664; x_wconf 89' lang='lat' dir='ltr'>hisce</span> 
     </span>
     <span class='ocr_line' id='line_1_9' title="bbox 104 690 958 743; baseline 0.001 -12"><span class='ocrx_word' id='word_1_46' title='bbox 104 690 154 732; x_wconf 92' lang='lat' dir='ltr'>de</span> <span class='ocrx_word' id='word_1_47' title='bbox 186 691 280 739; x_wconf 82' lang='lat' dir='ltr'>vite,</span> <span class='ocrx_word' id='word_1_48' title='bbox 314 703 417 743; x_wconf 91' lang='lat' dir='ltr'>quos</span> <span class='ocrx_word' id='word_1_49' title='bbox 453 691 649 732; x_wconf 84' lang='lat' dir='ltr'>Schwabe</span> <span class='ocrx_word' id='word_1_50' title='bbox 684 692 740 732; x_wconf 81' lang='lat' dir='ltr'>sic</span> <span class='ocrx_word' id='word_1_51' title='bbox 774 691 958 732; x_wconf 84' lang='lat' dir='ltr'>exhibet:</span> 
     </span>
    </p>

    <p class='ocr_par' dir='ltr' id='par_1_6' title="bbox 252 759 1646 1163">
     <span class='ocr_line' id='line_1_10' title="bbox 348 759 1413 813; baseline 0 -11"><span class='ocrx_word' id='word_1_52' title='bbox 348 759 403 802; x_wconf 77' lang='lat' dir='ltr'>Ut</span> <span class='ocrx_word' id='word_1_53' title='bbox 431 761 563 802; x_wconf 77' lang='lat' dir='ltr'>vidua</span> <span class='ocrx_word' id='word_1_54' title='bbox 595 762 643 801; x_wconf 70' lang='lat' dir='ltr'>iu</span> <span class='ocrx_word' id='word_1_55' title='bbox 674 762 786 802; x_wconf 77' lang='lat' dir='ltr'>nudo</span> <span class='ocrx_word' id='word_1_56' title='bbox 817 761 917 802; x_wconf 76' lang='lat' dir='ltr'>vitis</span> <span class='ocrx_word' id='word_1_57' title='bbox 948 774 1056 813; x_wconf 82' lang='lat' dir='ltr'>quae</span> <span class='ocrx_word' id='word_1_58' title='bbox 1087 762 1280 802; x_wconf 77' lang='lat' dir='ltr'>nascitur</span> <span class='ocrx_word' id='word_1_59' title='bbox 1312 775 1413 803; x_wconf 80' lang='lat' dir='ltr'>arvo</span> 
     </span>
     <span class='ocr_line' id='line_1_11' title="bbox 252 830 1646 884; baseline 0.001 -11"><span class='ocrx_word' id='word_1_60' title='bbox 252 837 306 873; x_wconf 82' lang='lat'>50</span> <span class='ocrx_word' id='word_1_61' title='bbox 339 830 585 884; x_wconf 77' lang='lat' dir='ltr'>Numquam</span> <span class='ocrx_word' id='word_1_62' title='bbox 615 845 658 873; x_wconf 81' lang='lat' dir='ltr'>se</span> <span class='ocrx_word' id='word_1_63' title='bbox 691 831 860 881; x_wconf 67' lang='lat' dir='ltr'>extollit,</span> <span class='ocrx_word' id='word_1_64' title='bbox 892 845 1124 884; x_wconf 74' lang='lat' dir='ltr'>numquam</span> <span class='ocrx_word' id='word_1_65' title='bbox 1156 832 1296 872; x_wconf 77' lang='lat' dir='ltr'>mitem</span> <span class='ocrx_word' id='word_1_66' title='bbox 1329 832 1478 873; x_wconf 77' lang='lat' dir='ltr'>educat</span> <span class='ocrx_word' id='word_1_67' title='bbox 1508 847 1646 884; x_wconf 87' lang='lat' dir='ltr'>uvam,</span> 
     </span>
     <span class='ocr_line' id='line_1_12' title="bbox 341 900 1443 954; baseline 0.001 -12"><span class='ocrx_word' id='word_1_68' title='bbox 341 900 425 942; x_wconf 80' lang='lat' dir='ltr'>Sed</span> <span class='ocrx_word' id='word_1_69' title='bbox 454 904 640 943; x_wconf 75' lang='lat' dir='ltr'>tenerum</span> <span class='ocrx_word' id='word_1_70' title='bbox 670 914 801 953; x_wconf 76' lang='lat' dir='ltr'>prono</span> <span class='ocrx_word' id='word_1_71' title='bbox 834 901 1049 953; x_wconf 70' lang='lat' dir='ltr'>deflectens</span> <span class='ocrx_word' id='word_1_72' title='bbox 1075 901 1261 954; x_wconf 74' lang='lat' dir='ltr'>pondere</span> <span class='ocrx_word' id='word_1_73' title='bbox 1292 915 1443 954; x_wconf 74' lang='lat' dir='ltr'>corpus</span> 
     </span>
     <span class='ocr_line' id='line_1_13' title="bbox 338 971 1468 1024; baseline 0.001 -12"><span class='ocrx_word' id='word_1_74' title='bbox 338 971 435 1012; x_wconf 87' lang='lat' dir='ltr'>Iam</span> <span class='ocrx_word' id='word_1_75' title='bbox 466 973 555 1012; x_wconf 74' lang='lat' dir='ltr'>iam</span> <span class='ocrx_word' id='word_1_76' title='bbox 586 972 786 1024; x_wconf 37' lang='lat' dir='ltr'>contin-qd</span> <span class='ocrx_word' id='word_1_77' title='bbox 816 985 1024 1012; x_wconf 82' lang='lat' dir='ltr'>summum</span> <span class='ocrx_word' id='word_1_78' title='bbox 1058 971 1202 1012; x_wconf 78' lang='lat' dir='ltr'>radice</span> <span class='ocrx_word' id='word_1_79' title='bbox 1231 971 1468 1024; x_wconf 75' lang='lat' dir='ltr'>flayellum;</span> 
     </span>
     <span class='ocr_line' id='line_1_14' title="bbox 337 1041 1422 1094; baseline 0 -12"><span class='ocrx_word' id='word_1_80' title='bbox 337 1042 465 1082; x_wconf 76' lang='lat' dir='ltr'>Hanc</span> <span class='ocrx_word' id='word_1_81' title='bbox 496 1041 608 1082; x_wconf 73' lang='lat' dir='ltr'>nulli</span> <span class='ocrx_word' id='word_1_82' title='bbox 641 1041 862 1094; x_wconf 74' lang='lat' dir='ltr'>ayricolae,</span> <span class='ocrx_word' id='word_1_83' title='bbox 896 1041 1008 1082; x_wconf 70' lang='lat' dir='ltr'>nulli</span> <span class='ocrx_word' id='word_1_84' title='bbox 1040 1041 1201 1082; x_wconf 81' lang='lat' dir='ltr'>coluere</span> <span class='ocrx_word' id='word_1_85' title='bbox 1231 1042 1422 1083; x_wconf 76' lang='lat' dir='ltr'>iuvenci:</span> 
     </span>
     <span class='ocr_line' id='line_1_15' title="bbox 334 1111 1453 1163; baseline 0.001 -11"><span class='ocrx_word' id='word_1_86' title='bbox 334 1112 396 1152; x_wconf 78' lang='lat' dir='ltr'>At</span> <span class='ocrx_word' id='word_1_87' title='bbox 425 1112 464 1152; x_wconf 73' lang='lat' dir='ltr'>si</span> <span class='ocrx_word' id='word_1_88' title='bbox 493 1111 599 1163; x_wconf 77' lang='lat' dir='ltr'>forte</span> <span class='ocrx_word' id='word_1_89' title='bbox 630 1111 772 1152; x_wconf 80' lang='lat' dir='ltr'>eadem</span> <span class='ocrx_word' id='word_1_90' title='bbox 804 1114 862 1152; x_wconf 77' lang='lat' dir='ltr'>est</span> <span class='ocrx_word' id='word_1_91' title='bbox 892 1111 1003 1152; x_wconf 79' lang='lat' dir='ltr'>ulmo</span> <span class='ocrx_word' id='word_1_92' title='bbox 1035 1112 1256 1152; x_wconf 70' lang='lat' dir='ltr'>coniuncta</span> <span class='ocrx_word' id='word_1_93' title='bbox 1288 1112 1453 1162; x_wconf 76' lang='lat' dir='ltr'>marito,</span> 
     </span>
    </p>

    <p class='ocr_par' dir='ltr' id='par_1_7' title="bbox 97 1181 1725 1588">
     <span class='ocr_line' id='line_1_16' title="bbox 249 1181 1431 1234; baseline -0.002 -10"><span class='ocrx_word' id='word_1_94' title='bbox 249 1187 301 1224; x_wconf 78' lang='lat'>55</span> <span class='ocrx_word' id='word_1_95' title='bbox 333 1182 469 1223; x_wconf 73' lang='lat' dir='ltr'>Multi</span> <span class='ocrx_word' id='word_1_96' title='bbox 499 1181 620 1223; x_wconf 75' lang='lat' dir='ltr'>illam</span> <span class='ocrx_word' id='word_1_97' title='bbox 653 1181 874 1234; x_wconf 75' lang='lat' dir='ltr'>ayricolae,</span> <span class='ocrx_word' id='word_1_98' title='bbox 906 1181 1030 1222; x_wconf 75' lang='lat' dir='ltr'>multi</span> <span class='ocrx_word' id='word_1_99' title='bbox 1062 1181 1224 1223; x_wconf 81' lang='lat' dir='ltr'>coluere</span> <span class='ocrx_word' id='word_1_100' title='bbox 1260 1182 1431 1223; x_wconf 74' lang='lat' dir='ltr'>iuvenci.</span> 
     </span>
     <span class='ocr_line' id='line_1_17' title="bbox 97 1253 1723 1308; baseline 0.001 -14"><span class='ocrx_word' id='word_1_101' title='bbox 97 1253 368 1306; x_wconf 83' lang='lat' dir='ltr'>Intellegitur</span> <span class='ocrx_word' id='word_1_102' title='bbox 411 1254 522 1294; x_wconf 86' lang='lat' dir='ltr'>enim</span> <span class='ocrx_word' id='word_1_103' title='bbox 565 1254 615 1294; x_wconf 91' lang='lat' dir='ltr'>ab</span> <span class='ocrx_word' id='word_1_104' title='bbox 649 1253 841 1294; x_wconf 88' lang='lat' dir='ltr'>omnibus</span> <span class='ocrx_word' id='word_1_105' title='bbox 882 1253 955 1293; x_wconf 89' lang='lat' dir='ltr'>illa</span> <span class='ocrx_word' id='word_1_106' title='bbox 997 1253 1169 1305; x_wconf 83' lang='lat' dir='ltr'>virginis</span> <span class='ocrx_word' id='word_1_107' title='bbox 1214 1266 1308 1294; x_wconf 86' lang='lat' dir='ltr'>cum</span> <span class='ocrx_word' id='word_1_108' title='bbox 1348 1254 1432 1294; x_wconf 79' lang='lat' dir='ltr'>vite</span> <span class='ocrx_word' id='word_1_109' title='bbox 1466 1256 1723 1308; x_wconf 81' lang='lat' dir='ltr'>comparatio</span> 
     </span>
     <span class='ocr_line' id='line_1_18' title="bbox 98 1324 1725 1376; baseline 0.001 -12"><span class='ocrx_word' id='word_1_110' title='bbox 98 1324 169 1373; x_wconf 92' lang='lat' dir='ltr'>ita,</span> <span class='ocrx_word' id='word_1_111' title='bbox 201 1326 249 1364; x_wconf 87' lang='lat' dir='ltr'>ut</span> <span class='ocrx_word' id='word_1_112' title='bbox 281 1337 329 1365; x_wconf 90' lang='lat' dir='ltr'>ea</span> <span class='ocrx_word' id='word_1_113' title='bbox 363 1336 468 1376; x_wconf 88' lang='lat' dir='ltr'>quae</span> <span class='ocrx_word' id='word_1_114' title='bbox 500 1325 543 1364; x_wconf 88' lang='lat' dir='ltr'>in</span> <span class='ocrx_word' id='word_1_115' title='bbox 574 1324 686 1364; x_wconf 86' lang='lat' dir='ltr'>nudo</span> <span class='ocrx_word' id='word_1_116' title='bbox 721 1336 816 1364; x_wconf 76' lang='lat' dir='ltr'>arvo</span> <span class='ocrx_word' id='word_1_117' title='bbox 840 1324 1028 1365; x_wconf 83' lang='lat' dir='ltr'>nascitur</span> <span class='ocrx_word' id='word_1_118' title='bbox 1059 1324 1156 1364; x_wconf 83' lang='lat' dir='ltr'>vitis</span> <span class='ocrx_word' id='word_1_119' title='bbox 1188 1336 1422 1376; x_wconf 88' lang='lat' dir='ltr'>numquam</span> <span class='ocrx_word' id='word_1_120' title='bbox 1454 1325 1601 1366; x_wconf 89' lang='lat' dir='ltr'>mitem</span> <span class='ocrx_word' id='word_1_121' title='bbox 1625 1326 1725 1366; x_wconf 90' lang='lat' dir='ltr'>edu-</span> 
     </span>
     <span class='ocr_line' id='line_1_19' title="bbox 97 1394 1723 1441; baseline 0.001 -6"><span class='ocrx_word' id='word_1_122' title='bbox 97 1406 192 1435; x_wconf 87' lang='lat' dir='ltr'>care</span> <span class='ocrx_word' id='word_1_123' title='bbox 240 1407 366 1435; x_wconf 75' lang='lat' dir='ltr'>uvam</span> <span class='ocrx_word' id='word_1_124' title='bbox 423 1394 653 1436; x_wconf 88' lang='lat' dir='ltr'>secundum</span> <span class='ocrx_word' id='word_1_125' title='bbox 701 1394 895 1435; x_wconf 79' lang='lat' dir='ltr'>Italicam</span> <span class='ocrx_word' id='word_1_126' title='bbox 943 1394 1094 1434; x_wconf 80' lang='lat' dir='ltr'>vitium</span> <span class='ocrx_word' id='word_1_127' title='bbox 1151 1394 1363 1434; x_wconf 86' lang='lat' dir='ltr'>culturam</span> <span class='ocrx_word' id='word_1_128' title='bbox 1417 1395 1602 1441; x_wconf 83' lang='lat' dir='ltr'>dicatur,</span> <span class='ocrx_word' id='word_1_129' title='bbox 1656 1397 1723 1437; x_wconf 90' lang='lat' dir='ltr'>cui</span> 
     </span>
     <span class='ocr_line' id='line_1_20' title="bbox 97 1465 1724 1518; baseline 0.001 -13"><span class='ocrx_word' id='word_1_130' title='bbox 97 1465 347 1518; x_wconf 90' lang='lat' dir='ltr'>plerumque</span> <span class='ocrx_word' id='word_1_131' title='bbox 380 1465 484 1505; x_wconf 88' lang='lat' dir='ltr'>illud</span> <span class='ocrx_word' id='word_1_132' title='bbox 518 1465 705 1513; x_wconf 76' lang='lat' dir='ltr'>additur.</span> <span class='ocrx_word' id='word_1_133' title='bbox 747 1465 876 1505; x_wconf 75' lang='lat' dir='ltr'>vitem</span> <span class='ocrx_word' id='word_1_134' title='bbox 909 1477 1073 1516; x_wconf 88' lang='lat' dir='ltr'>quoque</span> <span class='ocrx_word' id='word_1_135' title='bbox 1107 1465 1219 1505; x_wconf 90' lang='lat' dir='ltr'>ulmo</span> <span class='ocrx_word' id='word_1_136' title='bbox 1255 1465 1496 1506; x_wconf 85' lang='lat' dir='ltr'>adiunctam</span> <span class='ocrx_word' id='word_1_137' title='bbox 1530 1465 1580 1506; x_wconf 90' lang='lat' dir='ltr'>ad</span> <span class='ocrx_word' id='word_1_138' title='bbox 1615 1467 1724 1507; x_wconf 90' lang='lat' dir='ltr'>eius-</span> 
     </span>
     <span class='ocr_line' id='line_1_21' title="bbox 98 1534 806 1588; baseline -0.001 -12"><span class='ocrx_word' id='word_1_139' title='bbox 98 1534 193 1576; x_wconf 92' lang='lat' dir='ltr'>dem</span> <span class='ocrx_word' id='word_1_140' title='bbox 225 1538 361 1576; x_wconf 87' lang='lat' dir='ltr'>terrae</span> <span class='ocrx_word' id='word_1_141' title='bbox 394 1548 554 1576; x_wconf 88' lang='lat' dir='ltr'>morem</span> <span class='ocrx_word' id='word_1_142' title='bbox 585 1536 806 1588; x_wconf 86' lang='lat' dir='ltr'>pertinere.</span> 
     </span>
    </p>

    <p class='ocr_par' dir='ltr' id='par_1_8' title="bbox 92 1605 1722 2786">
     <span class='ocr_line' id='line_1_22' title="bbox 216 1605 1720 1659; baseline 0.001 -12"><span class='ocrx_word' id='word_1_143' title='bbox 216 1605 422 1656; x_wconf 82' lang='lat' dir='ltr'>Quoniam</span> <span class='ocrx_word' id='word_1_144' title='bbox 455 1607 566 1647; x_wconf 90' lang='lat' dir='ltr'>enim</span> <span class='ocrx_word' id='word_1_145' title='bbox 586 1607 664 1647; x_wconf 83' lang='lat' dir='ltr'>hoc</span> <span class='ocrx_word' id='word_1_146' title='bbox 687 1618 856 1647; x_wconf 89' lang='lat' dir='ltr'>carmen</span> <span class='ocrx_word' id='word_1_147' title='bbox 889 1606 940 1646; x_wconf 87' lang='lat' dir='ltr'>ad</span> <span class='ocrx_word' id='word_1_148' title='bbox 975 1606 1169 1659; x_wconf 83' lang='lat' dir='ltr'>Sapphus</span> <span class='ocrx_word' id='word_1_149' title='bbox 1204 1606 1415 1658; x_wconf 82' lang='lat' dir='ltr'>exemplar</span> <span class='ocrx_word' id='word_1_150' title='bbox 1447 1605 1607 1646; x_wconf 88' lang='lat' dir='ltr'>factum</span> <span class='ocrx_word' id='word_1_151' title='bbox 1631 1619 1720 1648; x_wconf 92' lang='lat' dir='ltr'>esse</span> 
     </span>
     <span class='ocr_line' id='line_1_23' title="bbox 95 1674 1720 1729; baseline 0.001 -13"><span class='ocrx_word' id='word_1_152' title='bbox 95 1676 282 1729; x_wconf 80' lang='lat' dir='ltr'>vulgaris</span> <span class='ocrx_word' id='word_1_153' title='bbox 316 1678 406 1717; x_wconf 88' lang='lat' dir='ltr'>erat</span> <span class='ocrx_word' id='word_1_154' title='bbox 437 1677 583 1729; x_wconf 82' lang='lat' dir='ltr'>opinio,</span> <span class='ocrx_word' id='word_1_155' title='bbox 621 1677 782 1729; x_wconf 88' lang='lat' dir='ltr'>primus</span> <span class='ocrx_word' id='word_1_156' title='bbox 814 1676 1019 1717; x_wconf 87' lang='lat' dir='ltr'>Ernestus</span> <span class='ocrx_word' id='word_1_157' title='bbox 1053 1676 1102 1716; x_wconf 89' lang='lat' dir='ltr'>de</span> <span class='ocrx_word' id='word_1_158' title='bbox 1135 1675 1319 1716; x_wconf 87' lang='lat' dir='ltr'>Leutsch</span> <span class='ocrx_word' id='word_1_159' title='bbox 1353 1676 1394 1716; x_wconf 93' lang='lat' dir='ltr'>in</span> <span class='ocrx_word' id='word_1_160' title='bbox 1430 1674 1615 1728; x_wconf 67' lang='lat' dir='ltr'>Gottiuy.</span> <span class='ocrx_word' id='word_1_161' title='bbox 1645 1675 1720 1728; x_wconf 63' lang='grc' dir='ltr'>φεῖ.</span> 
     </span>
     <span class='ocr_line' id='line_1_24' title="bbox 96 1746 1719 1799; baseline 0 -12"><span class='ocrx_word' id='word_1_162' title='bbox 96 1746 205 1789; x_wconf 61' lang='grc' dir='ltr'>ΑΜ.</span> <span class='ocrx_word' id='word_1_163' title='bbox 243 1751 353 1788; x_wconf 83' lang='lat'>1855</span> <span class='ocrx_word' id='word_1_164' title='bbox 386 1759 424 1799; x_wconf 88' lang='lat' dir='ltr'>p.</span> <span class='ocrx_word' id='word_1_165' title='bbox 460 1752 569 1788; x_wconf 86' lang='lat'>1992</span> <span class='ocrx_word' id='word_1_166' title='bbox 605 1747 750 1787; x_wconf 89' lang='lat' dir='ltr'>attulit</span> <span class='ocrx_word' id='word_1_167' title='bbox 780 1747 918 1787; x_wconf 88' lang='lat' dir='ltr'>locum</span> <span class='ocrx_word' id='word_1_168' title='bbox 950 1746 1081 1798; x_wconf 87' lang='lat' dir='ltr'>Longi</span> <span class='ocrx_word' id='word_1_169' title='bbox 1113 1746 1155 1786; x_wconf 92' lang='grc' dir='ltr'>Π</span> <span class='ocrx_word' id='word_1_170' title='bbox 1192 1753 1211 1786; x_wconf 92' lang='grc'>1</span> <span class='ocrx_word' id='word_1_171' title='bbox 1247 1746 1296 1787; x_wconf 90' lang='lat' dir='ltr'>de</span> <span class='ocrx_word' id='word_1_172' title='bbox 1329 1746 1479 1786; x_wconf 76' lang='lat' dir='ltr'>vitium</span> <span class='ocrx_word' id='word_1_173' title='bbox 1512 1747 1554 1786; x_wconf 91' lang='lat' dir='ltr'>in</span> <span class='ocrx_word' id='word_1_174' title='bbox 1585 1746 1719 1787; x_wconf 90' lang='lat' dir='ltr'>Lesbo</span> 
     </span>
     <span class='ocr_line' id='line_1_25' title="bbox 98 1814 1721 1873; baseline -0.001 -14"><span class='ocrx_word' id='word_1_175' title='bbox 98 1817 264 1859; x_wconf 82' lang='lat' dir='ltr'>cultura</span> <span class='ocrx_word' id='word_1_176' title='bbox 295 1818 428 1858; x_wconf 86' lang='lat' dir='ltr'>hunc:</span> <span class='ocrx_word' id='word_1_177' title='bbox 463 1823 585 1858; x_wconf 81' lang='grc' dir='ltr'><em>πᾶσα</em></span> <span class='ocrx_word' id='word_1_178' title='bbox 621 1817 699 1871; x_wconf 80' lang='grc' dir='ltr'>γὰρ</span> <span class='ocrx_word' id='word_1_179' title='bbox 727 1817 816 1872; x_wconf 75' lang='grc' dir='ltr'>&lt;ἡ&gt;</span> <span class='ocrx_word' id='word_1_180' title='bbox 856 1817 968 1857; x_wconf 78' lang='grc' dir='ltr'><em>κατὰ</em></span> <span class='ocrx_word' id='word_1_181' title='bbox 999 1817 1073 1872; x_wconf 78' lang='grc' dir='ltr'>τὴν</span> <span class='ocrx_word' id='word_1_182' title='bbox 1095 1814 1268 1868; x_wconf 70' lang='grc' dir='ltr'><em>Λέσβον</em></span> <span class='ocrx_word' id='word_1_183' title='bbox 1300 1815 1495 1868; x_wconf 73' lang='grc' dir='ltr'><em>ἄμπελος</em></span> <span class='ocrx_word' id='word_1_184' title='bbox 1525 1816 1721 1873; x_wconf 81' lang='grc' dir='ltr'><em>ταπεινή,</em></span> 
     </span>
     <span class='ocr_line' id='line_1_26' title="bbox 98 1884 1721 1942; baseline -0.001 -13"><span class='ocrx_word' id='word_1_185' title='bbox 98 1886 145 1930; x_wconf 79' lang='grc' dir='ltr'>οὐ</span> <span class='ocrx_word' id='word_1_186' title='bbox 175 1886 386 1942; x_wconf 79' lang='grc' dir='ltr'><em>μετέωρος</em></span> <span class='ocrx_word' id='word_1_187' title='bbox 419 1885 514 1928; x_wconf 69' lang='grc' dir='ltr'>οὐδὲ</span> <span class='ocrx_word' id='word_1_188' title='bbox 546 1886 813 1941; x_wconf 78' lang='grc' dir='ltr'><em>ἅναδενόροὶς,</em></span> <span class='ocrx_word' id='word_1_189' title='bbox 847 1886 955 1927; x_wconf 76' lang='grc' dir='ltr'><em>ἀλλὰ</em></span> <span class='ocrx_word' id='word_1_190' title='bbox 978 1886 1094 1927; x_wconf 81' lang='grc' dir='ltr'><em>κάτω</em></span> <span class='ocrx_word' id='word_1_191' title='bbox 1117 1886 1172 1927; x_wconf 80' lang='grc' dir='ltr'>τὰ</span> <span class='ocrx_word' id='word_1_192' title='bbox 1204 1886 1402 1942; x_wconf 77' lang='grc' dir='ltr'><em>κλήματα</em></span> <span class='ocrx_word' id='word_1_193' title='bbox 1434 1884 1721 1928; x_wconf 74' lang='grc' dir='ltr'><em>ἀποτείνουσα</em></span> 
     </span>
     <span class='ocr_line' id='line_1_27' title="bbox 96 1955 1722 2014; baseline 0 -15"><span class='ocrx_word' id='word_1_194' title='bbox 96 1956 171 1999; x_wconf 77' lang='grc' dir='ltr'>καὶ</span> <span class='ocrx_word' id='word_1_195' title='bbox 202 1958 349 2013; x_wconf 64' lang='grc' dir='ltr'><em>ὥσπερ</em></span> <span class='ocrx_word' id='word_1_196' title='bbox 391 1958 533 2007; x_wconf 82' lang='grc' dir='ltr'><em>κιττὸς</em></span> <span class='ocrx_word' id='word_1_197' title='bbox 571 1956 797 2014; x_wconf 81' lang='grc' dir='ltr'><em>νεμομένη·</em></span> <span class='ocrx_word' id='word_1_198' title='bbox 846 1956 920 1998; x_wconf 83' lang='grc' dir='ltr'>καὶ</span> <span class='ocrx_word' id='word_1_199' title='bbox 962 1959 1071 2006; x_wconf 71' lang='grc' dir='ltr'><strong><em>παῖς</em></strong></span> <span class='ocrx_word' id='word_1_200' title='bbox 1105 1957 1154 1998; x_wconf 71' lang='grc' dir='ltr'>ἂν</span> <span class='ocrx_word' id='word_1_201' title='bbox 1187 1955 1381 2013; x_wconf 75' lang='grc' dir='ltr'><em>ἐφίκοιτο</em></span> <span class='ocrx_word' id='word_1_202' title='bbox 1412 1957 1591 2011; x_wconf 78' lang='grc' dir='ltr'><em>βότρυος</em></span> <span class='ocrx_word' id='word_1_203' title='bbox 1623 1957 1722 2013; x_wconf 79' lang='grc' dir='ltr'><em>ἄρτι</em></span> 
     </span>
     <span class='ocr_line' id='line_1_28' title="bbox 94 2026 1719 2083; baseline 0.001 -14"><span class='ocrx_word' id='word_1_204' title='bbox 94 2028 172 2078; x_wconf 80' lang='grc' dir='ltr'>τὰς</span> <span class='ocrx_word' id='word_1_205' title='bbox 199 2030 344 2083; x_wconf 85' lang='grc' dir='ltr'><em>χεῖρας</em></span> <span class='ocrx_word' id='word_1_206' title='bbox 375 2026 422 2069; x_wconf 75' lang='grc' dir='ltr'>ἐκ</span> <span class='ocrx_word' id='word_1_207' title='bbox 454 2028 713 2083; x_wconf 74' lang='grc' dir='ltr'><em>σπαργάνων</em></span> <span class='ocrx_word' id='word_1_208' title='bbox 744 2026 977 2081; x_wconf 43' lang='grc' dir='ltr'>λελυμένος.</span> <span class='ocrx_word' id='word_1_209' title='bbox 1020 2028 1194 2069; x_wconf 80' lang='lat' dir='ltr'>Accedit</span> <span class='ocrx_word' id='word_1_210' title='bbox 1215 2027 1350 2069; x_wconf 81' lang='lat' dir='ltr'>Varro</span> <span class='ocrx_word' id='word_1_211' title='bbox 1385 2029 1455 2080; x_wconf 91' lang='lat' dir='ltr'>qui</span> <span class='ocrx_word' id='word_1_212' title='bbox 1478 2041 1508 2068; x_wconf 90' lang='lat' dir='ltr'>r.</span> <span class='ocrx_word' id='word_1_213' title='bbox 1532 2041 1562 2068; x_wconf 92' lang='lat' dir='ltr'>r.</span> <span class='ocrx_word' id='word_1_214' title='bbox 1584 2028 1605 2068; x_wconf 96' lang='lat' dir='ltr'>I</span> <span class='ocrx_word' id='word_1_215' title='bbox 1633 2034 1670 2077; x_wconf 91' lang='lat'>8,</span> <span class='ocrx_word' id='word_1_216' title='bbox 1694 2034 1719 2071; x_wconf 86' lang='lat'>5</span> 
     </span>
     <span class='ocr_line' id='line_1_29' title="bbox 94 2098 1722 2160; baseline 0 -21"><span class='ocrx_word' id='word_1_217' title='bbox 94 2101 239 2140; x_wconf 86' lang='lat' dir='ltr'>vineae</span> <span class='ocrx_word' id='word_1_218' title='bbox 273 2111 403 2151; x_wconf 87' lang='lat' dir='ltr'>genus</span> <span class='ocrx_word' id='word_1_219' title='bbox 436 2099 513 2140; x_wconf 93' lang='lat' dir='ltr'>hoc</span> <span class='ocrx_word' id='word_1_220' title='bbox 545 2099 738 2139; x_wconf 88' lang='lat' dir='ltr'>nominat</span> <span class='ocrx_word' id='word_1_221' title='bbox 774 2099 834 2160; x_wconf 71' lang='lat' dir='ltr'>&lt;in</span> <span class='ocrx_word' id='word_1_222' title='bbox 869 2111 950 2151; x_wconf 89' lang='lat' dir='ltr'>quo</span> <span class='ocrx_word' id='word_1_223' title='bbox 986 2101 1098 2139; x_wconf 85' lang='lat' dir='ltr'>terra</span> <span class='ocrx_word' id='word_1_224' title='bbox 1132 2098 1285 2139; x_wconf 85' lang='lat' dir='ltr'>cubilia</span> <span class='ocrx_word' id='word_1_225' title='bbox 1317 2099 1490 2151; x_wconf 90' lang='lat' dir='ltr'>praebet</span> <span class='ocrx_word' id='word_1_226' title='bbox 1522 2099 1634 2146; x_wconf 86' lang='lat' dir='ltr'>uvis,</span> <span class='ocrx_word' id='word_1_227' title='bbox 1672 2101 1722 2139; x_wconf 90' lang='lat' dir='ltr'>ut</span> 
     </span>
     <span class='ocr_line' id='line_1_30' title="bbox 94 2161 1719 2222; baseline -0.001 -13"><span class='ocrx_word' id='word_1_228' title='bbox 94 2169 138 2209; x_wconf 92' lang='lat' dir='ltr'>in</span> <span class='ocrx_word' id='word_1_229' title='bbox 176 2169 277 2210; x_wconf 91' lang='lat' dir='ltr'>Asia</span> <span class='ocrx_word' id='word_1_230' title='bbox 315 2169 461 2210; x_wconf 89' lang='lat' dir='ltr'>multis</span> <span class='ocrx_word' id='word_1_231' title='bbox 495 2161 630 2218; x_wconf 80' lang='lat' dir='ltr'>locis&#39;‚</span> <span class='ocrx_word' id='word_1_232' title='bbox 670 2171 836 2222; x_wconf 87' lang='lat' dir='ltr'>praeter</span> <span class='ocrx_word' id='word_1_233' title='bbox 874 2169 948 2210; x_wconf 91' lang='lat' dir='ltr'>hos</span> <span class='ocrx_word' id='word_1_234' title='bbox 988 2169 1037 2210; x_wconf 88' lang='lat' dir='ltr'>cf.</span> <span class='ocrx_word' id='word_1_235' title='bbox 1070 2169 1107 2208; x_wconf 91' lang='lat' dir='ltr'><strong>V</strong></span> <span class='ocrx_word' id='word_1_236' title='bbox 1150 2169 1275 2209; x_wconf 90' lang='lat' dir='ltr'>Hehn</span> <span class='ocrx_word' id='word_1_237' title='bbox 1315 2169 1358 2208; x_wconf 91' lang='lat' dir='ltr'>in</span> <span class='ocrx_word' id='word_1_238' title='bbox 1398 2167 1636 2220; x_wconf 76' lang='lat' dir='ltr'>Kulturpfl.</span> <span class='ocrx_word' id='word_1_239' title='bbox 1677 2182 1719 2209; x_wconf 84' lang='lat' dir='ltr'>u.</span> 
     </span>
     <span class='ocr_line' id='line_1_31' title="bbox 93 2238 1720 2292; baseline 0 -13"><span class='ocrx_word' id='word_1_240' title='bbox 93 2238 351 2280; x_wconf 72' lang='lat' dir='ltr'>Haustiere³</span> <span class='ocrx_word' id='word_1_241' title='bbox 383 2253 420 2292; x_wconf 90' lang='lat' dir='ltr'>p.</span> <span class='ocrx_word' id='word_1_242' title='bbox 445 2246 495 2281; x_wconf 86' lang='lat'>71</span> <span class='ocrx_word' id='word_1_243' title='bbox 511 2252 571 2292; x_wconf 89' lang='lat' dir='ltr'>sq.</span> <span class='ocrx_word' id='word_1_244' title='bbox 606 2244 686 2281; x_wconf 82' lang='lat'>507</span> <span class='ocrx_word' id='word_1_245' title='bbox 701 2252 760 2292; x_wconf 86' lang='lat' dir='ltr'>sq.</span> <span class='ocrx_word' id='word_1_246' title='bbox 822 2239 940 2280; x_wconf 89' lang='lat' dir='ltr'>Idem</span> <span class='ocrx_word' id='word_1_247' title='bbox 973 2240 1164 2281; x_wconf 88' lang='lat' dir='ltr'>culturae</span> <span class='ocrx_word' id='word_1_248' title='bbox 1199 2251 1330 2292; x_wconf 86' lang='lat' dir='ltr'>genus</span> <span class='ocrx_word' id='word_1_249' title='bbox 1364 2241 1406 2279; x_wconf 89' lang='lat' dir='ltr'>et</span> <span class='ocrx_word' id='word_1_250' title='bbox 1437 2239 1720 2292; x_wconf 89' lang='lat' dir='ltr'>compluribus</span> 
     </span>
     <span class='ocr_line' id='line_1_32' title="bbox 97 2309 1721 2352; baseline -0.001 -1"><span class='ocrx_word' id='word_1_251' title='bbox 97 2309 346 2351; x_wconf 81' lang='lat' dir='ltr'>Germaniae</span> <span class='ocrx_word' id='word_1_252' title='bbox 379 2311 479 2351; x_wconf 87' lang='lat' dir='ltr'>locis</span> <span class='ocrx_word' id='word_1_253' title='bbox 511 2311 757 2351; x_wconf 88' lang='lat' dir='ltr'>institutum</span> <span class='ocrx_word' id='word_1_254' title='bbox 790 2323 880 2352; x_wconf 87' lang='lat' dir='ltr'>esse</span> <span class='ocrx_word' id='word_1_255' title='bbox 913 2313 956 2352; x_wconf 88' lang='lat' dir='ltr'>et</span> <span class='ocrx_word' id='word_1_256' title='bbox 989 2311 1138 2351; x_wconf 85' lang='lat' dir='ltr'>vitium</span> <span class='ocrx_word' id='word_1_257' title='bbox 1172 2310 1403 2351; x_wconf 87' lang='lat' dir='ltr'>cultoribus</span> <span class='ocrx_word' id='word_1_258' title='bbox 1437 2309 1721 2350; x_wconf 88' lang='lat' dir='ltr'>commendari</span> 
     </span>
     <span class='ocr_line' id='line_1_33' title="bbox 93 2380 1722 2434; baseline -0.001 -13"><span class='ocrx_word' id='word_1_259' title='bbox 93 2381 334 2434; x_wconf 90' lang='lat' dir='ltr'>nuperrime</span> <span class='ocrx_word' id='word_1_260' title='bbox 388 2381 430 2421; x_wconf 92' lang='lat' dir='ltr'>in</span> <span class='ocrx_word' id='word_1_261' title='bbox 479 2381 583 2422; x_wconf 85' lang='lat' dir='ltr'>actis</span> <span class='ocrx_word' id='word_1_262' title='bbox 631 2381 792 2422; x_wconf 87' lang='lat' dir='ltr'>diurnis</span> <span class='ocrx_word' id='word_1_263' title='bbox 848 2381 942 2434; x_wconf 88' lang='lat' dir='ltr'>legi.</span> <span class='ocrx_word' id='word_1_264' title='bbox 1017 2381 1109 2421; x_wconf 90' lang='lat' dir='ltr'>Iam</span> <span class='ocrx_word' id='word_1_265' title='bbox 1160 2380 1269 2433; x_wconf 88' lang='lat' dir='ltr'>quod</span> <span class='ocrx_word' id='word_1_266' title='bbox 1315 2380 1500 2421; x_wconf 90' lang='lat' dir='ltr'>Leutsch</span> <span class='ocrx_word' id='word_1_267' title='bbox 1551 2380 1722 2432; x_wconf 78' lang='lat' dir='ltr'>negavit</span> 
     </span>
     <span class='ocr_line' id='line_1_34' title="bbox 95 2450 1721 2505; baseline -0.001 -13"><span class='ocrx_word' id='word_1_268' title='bbox 95 2451 262 2492; x_wconf 88' lang='lat' dir='ltr'>omnino</span> <span class='ocrx_word' id='word_1_269' title='bbox 309 2451 365 2492; x_wconf 91' lang='lat' dir='ltr'>ibi</span> <span class='ocrx_word' id='word_1_270' title='bbox 406 2451 512 2492; x_wconf 78' lang='lat' dir='ltr'>vites</span> <span class='ocrx_word' id='word_1_271' title='bbox 546 2452 763 2493; x_wconf 86' lang='lat' dir='ltr'>arboribus</span> <span class='ocrx_word' id='word_1_272' title='bbox 797 2452 1028 2505; x_wconf 85' lang='lat' dir='ltr'>applicatas</span> <span class='ocrx_word' id='word_1_273' title='bbox 1061 2450 1212 2500; x_wconf 88' lang='lat' dir='ltr'>fuisse,</span> <span class='ocrx_word' id='word_1_274' title='bbox 1255 2450 1296 2491; x_wconf 89' lang='lat' dir='ltr'>id</span> <span class='ocrx_word' id='word_1_275' title='bbox 1330 2450 1499 2503; x_wconf 90' lang='lat' dir='ltr'>quidem</span> <span class='ocrx_word' id='word_1_276' title='bbox 1540 2462 1623 2491; x_wconf 92' lang='lat' dir='ltr'>non</span> <span class='ocrx_word' id='word_1_277' title='bbox 1655 2452 1721 2491; x_wconf 88' lang='lat' dir='ltr'>est</span> 
     </span>
     <span class='ocr_line' id='line_1_35' title="bbox 93 2520 1719 2575; baseline -0.001 -13"><span class='ocrx_word' id='word_1_278' title='bbox 93 2533 260 2570; x_wconf 86' lang='lat' dir='ltr'>verum,</span> <span class='ocrx_word' id='word_1_279' title='bbox 300 2522 498 2574; x_wconf 88' lang='lat' dir='ltr'>quoniam</span> <span class='ocrx_word' id='word_1_280' title='bbox 542 2521 709 2575; x_wconf 87' lang='lat' dir='ltr'>Sappho</span> <span class='ocrx_word' id='word_1_281' title='bbox 750 2544 807 2551; x_wconf 92' lang='lat'>—</span> <span class='ocrx_word' id='word_1_282' title='bbox 845 2524 894 2562; x_wconf 88' lang='lat' dir='ltr'>ut</span> <span class='ocrx_word' id='word_1_283' title='bbox 930 2521 981 2561; x_wconf 91' lang='lat' dir='ltr'>V.</span> <span class='ocrx_word' id='word_1_284' title='bbox 1022 2521 1147 2562; x_wconf 89' lang='lat' dir='ltr'>Hehn</span> <span class='ocrx_word' id='word_1_285' title='bbox 1187 2521 1212 2562; x_wconf 90' lang='lat' dir='ltr'>l.</span> <span class='ocrx_word' id='word_1_286' title='bbox 1254 2534 1287 2562; x_wconf 90' lang='lat' dir='ltr'>c.</span> <span class='ocrx_word' id='word_1_287' title='bbox 1325 2534 1363 2574; x_wconf 93' lang='lat' dir='ltr'>p.</span> <span class='ocrx_word' id='word_1_288' title='bbox 1407 2526 1458 2562; x_wconf 88' lang='grc'>71</span> <span class='ocrx_word' id='word_1_289' title='bbox 1508 2520 1719 2569; x_wconf 89' lang='lat' dir='ltr'>indicavit,</span> 
     </span>
     <span class='ocr_line' id='line_1_36' title="bbox 92 2590 1719 2645; baseline 0 -14"><span class='ocrx_word' id='word_1_290' title='bbox 92 2590 142 2631; x_wconf 91' lang='lat' dir='ltr'>B.</span> <span class='ocrx_word' id='word_1_291' title='bbox 166 2590 357 2632; x_wconf 90' lang='lat' dir='ltr'>Schmidt</span> <span class='ocrx_word' id='word_1_292' title='bbox 387 2591 568 2633; x_wconf 83' lang='lat' dir='ltr'>maxime</span> <span class='ocrx_word' id='word_1_293' title='bbox 601 2592 945 2633; x_wconf 80' lang='lat' dir='ltr'>commemoravit</span> <span class='ocrx_word' id='word_1_294' title='bbox 976 2592 1019 2632; x_wconf 91' lang='lat' dir='ltr'>in</span> <span class='ocrx_word' id='word_1_295' title='bbox 1051 2591 1207 2645; x_wconf 89' lang='lat' dir='ltr'>proleg.</span> <span class='ocrx_word' id='word_1_296' title='bbox 1238 2604 1277 2645; x_wconf 88' lang='lat' dir='ltr'>p.</span> <span class='ocrx_word' id='word_1_297' title='bbox 1299 2591 1454 2632; x_wconf 89' lang='lat' dir='ltr'>LXXV</span> <span class='ocrx_word' id='word_1_298' title='bbox 1487 2614 1544 2619; x_wconf 85' lang='lat'>--</span> <span class='ocrx_word' id='word_1_299' title='bbox 1576 2602 1719 2631; x_wconf 87' lang='lat' dir='ltr'>vocem</span> 
     </span>
     <span class='ocr_line' id='line_1_37' title="bbox 93 2659 1719 2715; baseline -0.001 -13"><span class='ocrx_word' id='word_1_300' title='bbox 93 2659 367 2715; x_wconf 79' lang='grc' dir='ltr'><em>ἀμαμάξυὸες</em></span> <span class='ocrx_word' id='word_1_301' title='bbox 406 2662 460 2715; x_wconf 89' lang='lat' dir='ltr'>(v.</span> <span class='ocrx_word' id='word_1_302' title='bbox 491 2662 540 2702; x_wconf 87' lang='lat' dir='ltr'>fr.</span> <span class='ocrx_word' id='word_1_303' title='bbox 577 2662 674 2715; x_wconf 89' lang='lat'>150)</span> <span class='ocrx_word' id='word_1_304' title='bbox 716 2661 918 2703; x_wconf 87' lang='lat' dir='ltr'>adhibuit.</span> <span class='ocrx_word' id='word_1_305' title='bbox 979 2661 1138 2702; x_wconf 90' lang='lat' dir='ltr'>Tamen</span> <span class='ocrx_word' id='word_1_306' title='bbox 1169 2661 1302 2714; x_wconf 86' lang='lat' dir='ltr'>Longi</span> <span class='ocrx_word' id='word_1_307' title='bbox 1341 2661 1583 2702; x_wconf 87' lang='lat' dir='ltr'>testimonio</span> <span class='ocrx_word' id='word_1_308' title='bbox 1624 2673 1719 2701; x_wconf 89' lang='lat' dir='ltr'>con-</span> 
     </span>
     <span class='ocr_line' id='line_1_38' title="bbox 93 2731 1719 2786; baseline -0.001 -14"><span class='ocrx_word' id='word_1_309' title='bbox 93 2731 205 2773; x_wconf 87' lang='lat' dir='ltr'>stitit</span> <span class='ocrx_word' id='word_1_310' title='bbox 234 2731 396 2773; x_wconf 92' lang='lat' dir='ltr'>Bonino</span> <span class='ocrx_word' id='word_1_311' title='bbox 427 2732 454 2773; x_wconf 94' lang='lat' dir='ltr'>l.</span> <span class='ocrx_word' id='word_1_312' title='bbox 487 2745 519 2774; x_wconf 93' lang='lat' dir='ltr'>c.</span> <span class='ocrx_word' id='word_1_313' title='bbox 551 2745 590 2786; x_wconf 91' lang='lat' dir='ltr'>p.</span> <span class='ocrx_word' id='word_1_314' title='bbox 615 2737 725 2785; x_wconf 76' lang='lat' dir='ltr'>sssq.‚</span> <span class='ocrx_word' id='word_1_315' title='bbox 756 2745 840 2774; x_wconf 92' lang='lat' dir='ltr'>non</span> <span class='ocrx_word' id='word_1_316' title='bbox 871 2733 932 2772; x_wconf 88' lang='lat' dir='ltr'>ita</span> <span class='ocrx_word' id='word_1_317' title='bbox 963 2733 1227 2785; x_wconf 85' lang='lat' dir='ltr'>repugnante</span> <span class='ocrx_word' id='word_1_318' title='bbox 1260 2734 1405 2773; x_wconf 88' lang='lat' dir='ltr'>contra</span> <span class='ocrx_word' id='word_1_319' title='bbox 1437 2744 1530 2773; x_wconf 90' lang='lat' dir='ltr'>eam</span> <span class='ocrx_word' id='word_1_320' title='bbox 1563 2731 1719 2785; x_wconf 91' lang='lat' dir='ltr'>opinio-</span> 
     </span>
    </p>
   </div>
   <div class='ocr_carea' id='block_1_6' title="bbox 91 2801 1719 2906">
    <p class='ocr_par' dir='ltr' id='par_1_9' title="bbox 91 2801 1719 2906">
     <span class='ocr_line' id='line_1_39' title="bbox 91 2801 1719 2854; baseline -0.001 -11"><span class='ocrx_word' id='word_1_321' title='bbox 91 2813 190 2844; x_wconf 90' lang='lat' dir='ltr'>nem</span> <span class='ocrx_word' id='word_1_322' title='bbox 221 2802 270 2842; x_wconf 93' lang='lat' dir='ltr'>B.</span> <span class='ocrx_word' id='word_1_323' title='bbox 304 2801 536 2844; x_wconf 85' lang='lat' dir='ltr'>Schmidtio</span> <span class='ocrx_word' id='word_1_324' title='bbox 568 2803 594 2844; x_wconf 90' lang='lat'>1.</span> <span class='ocrx_word' id='word_1_325' title='bbox 628 2815 662 2844; x_wconf 88' lang='lat' dir='ltr'>c.</span> <span class='ocrx_word' id='word_1_326' title='bbox 696 2814 792 2844; x_wconf 89' lang='lat' dir='ltr'>eum</span> <span class='ocrx_word' id='word_1_327' title='bbox 823 2814 984 2843; x_wconf 91' lang='lat' dir='ltr'>morem</span> <span class='ocrx_word' id='word_1_328' title='bbox 1016 2801 1181 2843; x_wconf 90' lang='lat' dir='ltr'>Lesbiis</span> <span class='ocrx_word' id='word_1_329' title='bbox 1212 2802 1420 2854; x_wconf 86' lang='lat' dir='ltr'>Asiaeque</span> <span class='ocrx_word' id='word_1_330' title='bbox 1452 2801 1625 2842; x_wconf 87' lang='lat' dir='ltr'>minoris</span> <span class='ocrx_word' id='word_1_331' title='bbox 1655 2801 1719 2841; x_wconf 91' lang='lat' dir='ltr'>in-</span> 
     </span>
     <span class='ocr_line' id='line_1_40' title="bbox 1386 2871 1434 2906; baseline 0 -18"><span class='ocrx_word' id='word_1_332' title='bbox 1386 2871 1434 2906; x_wconf 75' lang='lat'>5*</span> 
     </span>
    </p>
   </div>
  </div>
 </body>
</html>
