2013 3223
912 148 964 185 73

126 274 324 314 naturam
366 272 579 324 sequentis
622 271 919 324 reddentisque
953 273 995 312 et
1027 271 1306 312 sententiosae
1348 271 1433 311 sive
1467 282 1616 310 sensus
1650 282 1745 310 suos

126 343 170 383 in
199 343 335 396 ipsam
366 355 507 383 rerum
538 343 736 382 naturam
760 354 856 381 cum
889 340 1041 382 affectu
1072 340 1326 381 insinuantis
1359 338 1746 391 transferentisque.

129 411 211 453 Sed
243 412 460 458 Catullus,
500 412 542 452 in
575 424 655 464 quo
687 411 824 452 Bonin
857 412 882 451 1.
916 424 947 452 c.
979 410 1145 463 sinniye
1177 409 1375 463 Hinyabe
1415 422 1473 450 cm
1505 409 1572 450 die
1603 409 1748 449 Natur

126 482 266 523 videre
299 483 377 523 sibi
409 481 641 531 videbatur,
672 482 787 522 nullo
820 482 944 522 verbo
977 482 1112 534 ipsam
1144 483 1321 521 naturae
1355 480 1536 533 speciem
1570 481 1611 520 et
1642 478 1748 520 veri-

124 554 270 601 tatem,
294 564 420 604 quam
443 551 635 600 reddidit,
659 551 985 604 supergreditur,
1018 550 1128 603 quod
1149 551 1288 604 ipsum
1310 550 1488 590 maxime
1511 550 1578 590 hic
1601 561 1746 590 versus

126 623 216 676 (55)
237 622 386 675 prodit,
418 634 554 674 neque
579 622 659 662 alia
691 622 771 661 nisi
795 634 893 662 vera
926 624 967 662 et
988 622 1175 674 proxima
1208 622 1249 661 et
1273 633 1378 673 quae
1401 620 1626 672 unicuique
1648 621 1747 660 nota

126 694 225 733 sunt
247 692 366 732 suavi
388 692 572 732 oratione
602 693 751 744 tangit,
784 694 833 732 ut
856 704 903 732 ea
924 692 1062 744 imago
1084 704 1166 732 non
1188 691 1469 731 Alexandrina
1492 702 1581 731 esse
1604 690 1747 743 possit,

126 762 198 804 sed
222 763 407 816 poetriae
434 762 607 803 Lesbiae
634 762 818 803 indolem
847 764 889 803 et
915 763 1093 803 colorem
1110 774 1209 815 prae
1237 774 1279 802 se
1297 761 1415 802 ferat.
1463 760 1609 812 Neque
1629 760 1748 812 quid-

127 845 253 885 quam
285 833 465 886 amplius
489 833 524 873 ei
548 832 771 886 suspicioni
794 845 1027 886 repugnare
1051 833 1289 872 constitisse
1311 844 1422 872 nunc
1444 831 1547 871 mihi
1570 830 1744 871 videtur.

242 972 333 1013 Iam
368 974 426 1014 rei
460 986 565 1025 quae
590 973 912 1026 comparabatur
945 972 1112 1012 additur
1146 973 1280 1013 simile
1314 972 1426 1012 hisce
1460 972 1647 1012 versibus
1682 983 1748 1011 ex-

124 1055 341 1096 pressum:

273 1118 325 1154 56
359 1112 430 1153 Sic
460 1113 587 1164 υίνῃο,
620 1113 720 1153 dum
755 1113 915 1153 intacta
947 1115 1096 1161 namet,
1129 1112 1228 1152 dum
1260 1111 1422 1152 iv‘tculta
1454 1112 1650 1153 senescit:

363 1182 467 1223 Cum
491 1196 581 1234 par
612 1183 834 1224 conubium
867 1186 1034 1223 matu-ro
1066 1186 1246 1234 tempore
1279 1182 1433 1233 adepta
1466 1186 1534 1232 est,

363 1252 478 1294 Cara
509 1253 599 1294 viro
631 1253 767 1306 magis
799 1256 836 1293 et
866 1253 1008 1293 ηκίηιιε
1040 1256 1098 1294 est
1130 1253 1274 1293 invisa
1299 1254 1486 1304 parenti.

123 1322 261 1364 Huius
310 1324 540 1377 scripturae
585 1324 633 1365 de
676 1324 852 1365 veritate
895 1337 1017 1365 nemo
1060 1337 1168 1365 nune
1213 1323 1376 1365 videtur
1409 1324 1620 1372 dubitare,
1667 1324 1749 1364 nisi

127 1392 323 1434 Schwabe
364 1395 707 1435 commemoravit
751 1395 792 1434 in
835 1395 976 1434 ultimi
1019 1408 1163 1435 versus
1204 1394 1469 1435 adnotatione
1502 1394 1748 1435 Baehrensii

125 1464 409 1505 coniecturam
441 1465 650 1514 inutilem,
684 1465 732 1506 de
767 1477 848 1517 qua
882 1466 1056 1518 posthac
1089 1465 1334 1505 videbimus.
1399 1465 1478 1505 Sed
1513 1477 1657 1506 versus
1691 1470 1743 1506 56

122 1535 368 1575 memoriam
401 1547 491 1576 esse
515 1536 765 1576 incolumem
789 1536 912 1588 vulgo
946 1536 1210 1582 existimant;
1244 1536 1286 1575 in
1320 1548 1400 1587 quo
1426 1536 1459 1575 si
1482 1548 1593 1576 nunc
1615 1535 1747 1576 fateor

123 1606 318 1657 corrupta
361 1617 450 1646 esse
492 1606 572 1646 duo
613 1607 832 1654 vocabula,
879 1606 1002 1646 nimis
1041 1606 1217 1646 fortasse
1253 1607 1500 1647 temerarius
1534 1606 1674 1647 videar
1706 1608 1748 1646 et

123 1675 293 1716 turbare
327 1687 386 1723 ea,
419 1689 524 1728 quae
549 1676 731 1717 dilucida
764 1678 859 1717 sint.
903 1677 1042 1717 Nihilo
1074 1677 1213 1717 minus
1247 1677 1492 1717 certissimis
1526 1688 1748 1728 argumen-

124 1746 178 1786 tis
211 1749 375 1787 coactos
419 1758 537 1799 spero
579 1747 628 1787 de
663 1747 810 1788 iisdem
844 1747 1108 1787 dubitaturos
1142 1759 1232 1788 esse
1266 1747 1497 1795 vocabulis,
1543 1747 1613 1799 qui
1645 1747 1748 1788 haec

125 1816 286 1868 legent,
329 1817 378 1857 de
413 1818 562 1868 quibus
608 1818 690 1858 iam
723 1817 910 1858 Pleitner
943 1818 966 1857 l.
999 1832 1030 1858 c.
1065 1818 1290 1864 dubitavit,
1331 1818 1448 1858 cuius
1492 1818 1672 1858 rationes
1705 1818 1747 1857 in

123 1898 249 1927 usum
282 1900 424 1928 meum
456 1890 706 1928 convertam.
775 1888 928 1928 Nostro
954 1891 1099 1928 tamen
1133 1888 1283 1928 iudicio
1316 1901 1390 1928 nos
1425 1889 1591 1928 stetisse
1616 1888 1746 1939 siquis

125 1956 213 1998 eius
246 1959 641 1999 commentationem
676 1959 904 1999 contulerit
936 1959 1022 2011 ipse
1056 1959 1222 1999 videbit.

241 2029 301 2068 Ac
331 2029 515 2081 primum
546 2028 709 2069 intacta
741 2042 876 2081 neque
901 2042 996 2070 cum
1029 2029 1293 2082 praecedenti
1326 2030 1492 2069 not-ione
1524 2029 1747 2069 coniuncta

123 2098 306 2138 maritae
337 2111 471 2151 neque
504 2111 600 2140 cum
622 2100 861 2152 insequenti
894 2113 987 2139 cum
1016 2112 1100 2150 par
1132 2099 1353 2140 conubimn
1375 2099 1530 2150 adepta
1562 2102 1619 2140 est
1651 2102 1745 2153 apte

122 2168 184 2209 ita
215 2168 390 2209 conferri
421 2172 571 2222 potest,
603 2172 651 2210 ut
683 2169 827 2211 eodem
860 2170 982 2211 modo
1017 2183 1097 2222 quo
1130 2171 1244 2223 prius
1278 2170 1439 2211 intacta
1471 2171 1511 2210 in
1547 2183 1668 2211 versu
1691 2175 1744 2212 45

123 2238 226 2279 item
273 2239 340 2280 hic
387 2241 616 2280 transitum
665 2241 849 2293 aliquem
897 2241 1022 2281 faciat
1070 2254 1092 2281 a
1133 2242 1256 2282 rebus
1300 2242 1552 2295 comparatis
1596 2241 1647 2282 ad
1679 2253 1745 2282 res

123 2309 256 2363 ipsas,
305 2322 410 2362 quae
459 2312 837 2364 comparationibus
886 2312 1164 2352 illustrantur.
1243 2312 1393 2353 Neutri
1438 2313 1549 2353 enim
1589 2312 1747 2353 notioni

125 2382 332 2421 contraria
380 2384 444 2422 est
491 2381 579 2421 eius
628 2382 817 2423 vocabuli
865 2383 939 2422 vis.
1001 2385 1160 2435 Aptum
1208 2384 1272 2423 est
1319 2383 1360 2423 id
1409 2383 1657 2424 vocabulum
1704 2383 1746 2423 in

125 2451 308 2504 stropha,
342 2452 411 2491 ubi
434 2452 657 2504 integritas
681 2453 853 2505 virginis
878 2453 1040 2505 agitur;
1073 2453 1140 2494 hic
1173 2455 1236 2494 est
1258 2453 1446 2506 ineptum
1468 2466 1603 2506 neque
1628 2453 1747 2506 quid-

125 2533 252 2574 quam
284 2522 430 2570 habet,
473 2535 553 2574 quo
586 2524 729 2564 referri
772 2524 924 2576 possit,
967 2524 1163 2575 quoniam
1202 2536 1284 2564 non
1316 2525 1358 2564 in
1390 2525 1633 2577 integritate
1667 2525 1747 2565 vir-

125 2592 232 2644 ginis
266 2593 497 2633 sententiae
522 2605 697 2634 acumen
729 2594 892 2643 nititur,
925 2594 997 2634 sed
1030 2596 1078 2634 ut
1110 2595 1201 2635 luce
1225 2595 1377 2636 clarius
1411 2598 1475 2636 est
1506 2596 1547 2636 in
1581 2596 1746 2637 conubii

125 2664 246 2703 sorte.
264 2662 328 2702 Ad
345 2663 559 2715 neglectae
577 2665 689 2705 enim
701 2665 796 2704 vitis
815 2665 1022 2705 solitariae
1044 2665 1364 2707 similitudinem
1376 2667 1746 2720 pertinetinnupta

122 2732 251 2785 virgo,
282 2733 334 2773 ad
356 2733 487 2774 vitem
516 2734 629 2775 ulmo
650 2735 894 2775 maritatam
926 2747 974 2775 ea
1002 2747 1106 2787 quae
1135 2736 1299 2777 conubii
1320 2737 1528 2790 particeps
1551 2736 1662 2778 facta
1679 2737 1745 2786 sit,

125 2802 178 2843 ad
200 2806 396 2845 neutram
421 2816 516 2846 vero
542 2817 631 2846 rem
653 2805 814 2846 intacta
833 2795 958 2858 virgo.
994 2805 1132 2858 Igitur
1157 2806 1319 2848 intacta
1343 2809 1587 2861 corruptum
1611 2810 1686 2849 est.
