2013 3223
898 159 947 172 νι-

895 168 941 195 OC

231 280 294 319 Ac
323 279 472 320 notatu
503 279 676 331 dignum
709 281 784 328 est,
817 281 928 332 quod
958 281 1110 322 vitiosa
1145 280 1290 329 lectio,
1323 292 1430 332 quae
1470 292 1617 321 versus
1658 293 1739 321 nu-

114 360 254 389 meros
285 349 418 398 tollit,
451 361 474 389 a
517 349 726 391 codicibus
770 351 1021 402 quibusdam
1060 351 1288 399 retinetur,
1330 350 1379 391 de
1420 363 1597 402 quorum
1640 362 1740 392 auc-

113 418 284 459 toritate
317 419 503 472 (excepto
534 419 592 472 A)
625 419 803 460 videnda
836 422 899 461 est
932 420 1145 462 Schwabei
1184 421 1227 461 in
1250 420 1428 461 editione
1450 421 1584 473 priore
1606 420 1736 473 praef.

113 501 152 541 p.
191 488 307 529 XHI.
344 488 570 529 Praeterea
609 502 636 542 g
676 502 724 530 ea
763 491 959 539 lectione,
1008 504 1083 544 per
1125 503 1252 543 quam
1291 491 1458 531 numeri
1501 492 1739 539 servantur,

114 560 300 599 correcta
330 559 373 599 id
403 559 545 612 ipsum
575 559 726 600 vitium
765 561 952 601 numeris
990 561 1148 610 intulit,
1191 573 1274 613 qua
1313 573 1357 602 re
1396 561 1432 601 is
1473 561 1669 601 librarius
1712 572 1736 601 a

113 629 361 672 temerariae
393 629 728 682 interpolationis
762 631 995 684 suspicione
1028 631 1277 672 defenditur.
1329 631 1423 672 Iam
1455 643 1563 683 quae
1595 631 1661 671 vel
1692 631 1736 671 in

110 699 189 740 hoc
219 699 308 752 ipso
340 699 400 740 rei
432 700 599 741 criticae
632 702 749 741 statu
782 702 914 742 oritur
946 702 1148 755 suspicio,
1188 702 1231 742 in
1265 714 1313 742 ea
1355 701 1565 754 scriptura
1602 702 1738 742 latere

110 769 300 821 integrae
322 770 514 811 lectionis
537 771 727 823 vestigia,
748 773 838 812 tam
861 772 986 812 certis
1007 773 1226 825 praeterea
1248 773 1508 824 argumentis
1529 772 1738 820 firmatur,

110 841 160 880 ut
191 840 440 881 contendere
473 841 598 882 liceat
629 842 734 882 illud
767 841 963 893 aequales
992 855 1044 883 ne
1077 854 1101 883 a
1123 842 1332 883 codicibus
1356 842 1524 894 quidem
1558 841 1738 883 defendi.

228 910 339 951 Nam
373 911 482 963 quod
513 912 581 952 hic
613 924 661 952 ea
693 912 815 952 lectio
859 924 987 964 quam
1027 914 1195 965 praeter
1242 912 1280 953 G
1321 914 1363 953 et
1405 912 1437 954 Ο
1477 913 1735 964 reliquorum

112 981 302 1023 codicum
334 982 526 1022 nonnulli
556 982 779 1035 praebent,
811 995 907 1022 cum
949 994 997 1022 ea
1039 983 1264 1031 consentit,
1304 995 1410 1034 quae
1451 983 1493 1023 in
1527 983 1664 1023 codice
1699 982 1737 1024 Gr

117 1052 356 1113 tcorrectori
386 1052 523 1104 prima
553 1064 683 1092 manu
714 1053 855 1104 paullo
886 1053 1107 1093 recentiori
1139 1045 1219 1105 (g)'
1257 1052 1452 1101 debetur,
1495 1053 1544 1093 de
1585 1065 1665 1104 quo
1698 1065 1737 1093 v,

114 1122 327 1163 Schwabei
357 1121 484 1174 praef.
517 1122 578 1162 ed.
611 1123 680 1162 alt.
703 1135 742 1175 p.
762 1122 839 1170 HI,
871 1122 981 1163 idem
1014 1123 1056 1162 in
1080 1122 1236 1164 Catulli
1268 1125 1387 1163 textu
1420 1135 1542 1175 saepe
1574 1123 1736 1163 factum

113 1204 203 1233 esse
235 1192 436 1233 videmus.
497 1192 626 1233 Porro
659 1194 822 1233 certum
855 1194 940 1242 est,
987 1193 1114 1234 libros
1149 1193 1186 1234 G
1219 1195 1260 1234 et
1303 1193 1336 1234 O
1380 1206 1429 1234 ex
1470 1194 1558 1246 ipso
1598 1193 1738 1234 codice

113 1263 267 1303 amisso
299 1262 337 1301 V
371 1262 602 1315 descriptos
637 1275 739 1311 esse,
774 1263 875 1303 alios
909 1276 1054 1304 omnes
1098 1266 1172 1304 aut
1204 1265 1317 1304 certe
1362 1264 1522 1316 aliquot
1561 1276 1644 1304 non
1685 1263 1738 1304 ab

111 1332 264 1373 horum
297 1333 428 1373 altero
459 1335 554 1373 utro
587 1333 781 1374 oriundos
814 1346 904 1374 esse
938 1334 986 1375 cf.
1025 1334 1073 1374 B.
1108 1334 1329 1375 Schmidtii
1360 1335 1516 1387 proleg.
1554 1347 1591 1387 p.
1625 1333 1738 1375 CIII.

33 1443 37 1446 .
116 1402 198 1444 Sed
232 1403 436 1456 quidquid
458 1403 507 1444 de
530 1404 646 1444 libris
669 1404 841 1456 reliquis
861 1404 1018 1445 CDHA
1050 1404 1272 1453 iudicatur,
1305 1405 1470 1445 etiamsi
1503 1405 1553 1445 ab
1585 1405 1737 1445 horum

111 1474 191 1515 fide
213 1474 471 1522 recedamus,
494 1476 638 1514 manet
654 1476 797 1514 tamen
814 1474 918 1514 illud
937 1475 1187 1515 varietatem
1198 1475 1436 1522 lectionum,
1461 1487 1564 1527 quas
1583 1487 1737 1515 manus

117 1545 324 1586 recentior
364 1557 391 1597 g
431 1545 497 1585 vel
538 1545 833 1598 superscripsit
873 1545 939 1586 vel
978 1546 1021 1585 in
1062 1545 1250 1597 margine
1293 1545 1472 1593 addidit,
1514 1546 1564 1586 ab
1603 1545 1737 1598 ipsius

112 1615 263 1656 codicis
295 1615 333 1654 V
368 1615 620 1656 auctoritate
651 1615 843 1668 pendere.
907 1614 1022 1665 Quae
1064 1616 1248 1656 varietas
1286 1616 1477 1656 lectionis
1520 1615 1587 1656 hic
1620 1628 1643 1655 a
1674 1627 1742 1656 re-

111 1686 238 1738 liquis
271 1685 386 1726 libris
416 1686 584 1738 praeter
617 1685 654 1726 G
677 1686 830 1726 omissa
863 1688 938 1726 est.
986 1686 1108 1727 Unus
1141 1687 1253 1726 enim
1286 1687 1463 1738 quisque
1495 1687 1736 1726 nostrorum

113 1756 335 1805 librorum,
368 1756 438 1807 qui
472 1755 640 1806 quidem
681 1755 867 1808 duplices
909 1756 1112 1808 praebent
1152 1756 1375 1805 lectiones,
1418 1757 1546 1797 etiam
1587 1756 1622 1796 is
1665 1755 1738 1808 qui

113 1826 317 1879 plurimas
348 1826 476 1866 habet
508 1825 633 1866 codex
664 1825 854 1866 Venetus
877 1826 921 1866 M
952 1827 1192 1879 nuperrime
1225 1827 1416 1875 collatus,
1447 1828 1612 1880 partem
1644 1827 1740 1866 tan-

113 1898 207 1936 tum
240 1896 428 1936 omnium
461 1908 567 1947 quae
599 1896 642 1935 in
674 1895 712 1934 V
747 1896 998 1936 exstiterunt
1030 1898 1222 1937 enotatas
1254 1898 1422 1950 recepit.
1484 1899 1547 1937 Ac·
1577 1896 1626 1937 de
1658 1897 1740 1937 hac

114 1966 269 2019 duplici
302 1966 452 2007 codicis
485 1966 523 2005 V
555 1966 769 2015 memoria,
803 1979 931 2019 quam
964 1967 1125 2008 codices
1159 1967 1196 2008 G
1228 1967 1312 2019 (ΘΙ,
1353 1968 1406 2020 g),
1449 1967 1495 2015 O,
1536 1967 1583 2015 B,
1615 1967 1661 2015 L,
1692 1967 1738 2007 M

115 2038 194 2078 etsi
225 2037 345 2078 valde
367 2037 584 2090 impariter
606 2039 833 2090 exceptam,
865 2039 1008 2078 tamen
1032 2050 1052 2078 e
1076 2039 1287 2078 communi
1309 2038 1380 2078 illo
1402 2037 1515 2078 fonte
1538 2038 1738 2078 haustam

113 2120 188 2161 pro
230 2120 307 2148 sua
349 2107 526 2160 quisque
574 2109 694 2160 parte
737 2110 1034 2157 servaverunt,
1082 2108 1350 2149 conferantur
1397 2120 1445 2149 ea
1492 2120 1597 2160 quae
1643 2109 1740 2161 post

116 2177 328 2219 Schwabei
374 2178 416 2218 in
465 2177 561 2218 edit.
609 2178 744 2230 priore
791 2179 835 2218 et
882 2178 1129 2219 Baehrensii
1175 2178 1456 2231 praefationes
1503 2179 1741 2219 luculenter

113 2247 163 2288 B.
197 2247 389 2289 Schmidt
419 2248 462 2288 in
493 2248 649 2301 proleg.
689 2261 726 2301 p.
769 2248 981 2290 CI—CIV
1016 2249 1215 2289 disseruit
1256 2251 1298 2289 et
1337 2249 1576 2302 nuperrime
1608 2249 1659 2289 K.
1691 2248 1740 2289 P.

117 2318 304 2367 Schulze‚
338 2319 410 2370 qui
441 2320 576 2359 totam
597 2319 706 2360 hanc
729 2320 1018 2371 quaestionem
1042 2320 1356 2360 accuratissime
1378 2321 1626 2373 persecutus
1662 2320 1742 2367 est,

113 2389 157 2429 in
188 2389 347 2429 Herma
383 2393 492 2430 1888
524 2402 562 2442 p.
601 2394 682 2431 567
698 2402 786 2442 sqq.
820 2390 1022 2442 exposuit.
1084 2389 1242 2429 Parum
1275 2390 1472 2430 concinne
1507 2389 1742 2442 disputavit

114 2461 161 2500 A.
195 2458 440 2500 Gehrmann
472 2459 514 2499 in
546 2472 680 2512 progr.
713 2460 995 2511 Braunsberg.
1031 2465 1142 2501 1879
1176 2473 1214 2513 p.
1248 2465 1434 2502 23—29.

232 2529 325 2570 Iam
357 2531 531 2582 apparet
561 2530 788 2571 lectionum
829 2530 881 2571 ad
912 2543 1081 2570 versum
1124 2536 1177 2572 32
1215 2531 1519 2584 pertinentium
1557 2530 1741 2570 varieta-

114 2601 202 2641 tem
232 2599 367 2640 redire
399 2599 451 2640 ad
483 2600 692 2653 duplicem
723 2601 854 2654 ipsius
886 2600 1039 2641 codicis
1062 2600 1100 2640 V
1122 2601 1354 2643 lectionem.
1403 2600 1518 2651 Quae
1551 2613 1647 2642 cum
1678 2601 1740 2641 ita

115 2655 213 2719 sint,
243 2670 483 2711 litterarum
517 2683 540 2711 a
571 2671 686 2712 libris
719 2671 973 2712 traditarum
1006 2671 1166 2712 ratione
1194 2672 1338 2712 habita
1361 2672 1615 2713 confidenter
1647 2671 1742 2712 dico

115 2739 334 2782 Catullum
366 2741 579 2793 scripsisse

351 2809 569 2861 Hesperus
600 2824 620 2851 e
650 2810 770 2851 nobis
801 2810 1036 2862 aequalem
1064 2810 1112 2850 si
1144 2811 1318 2852 abstulit
1346 2825 1489 2852 unam.
