2013 3223
1053 124 1106 160 50

267 249 534 298 contendant,
566 260 750 299 namque
784 248 912 288 etiam
944 248 1036 287 tum
1071 247 1148 287 sub
1181 246 1262 287 diei
1292 246 1420 288 finem
1451 247 1624 299 vigilare
1657 248 1896 290 custodiam

267 332 315 361 ac
345 319 533 360 nondum
577 318 874 358 obdormivisse
917 317 1112 358 custodes
1153 317 1322 364 dicunt;
1363 318 1503 370 potius
1544 320 1747 360 nocturno
1789 321 1896 360 tem-

267 402 365 443 pore
412 413 469 418 —
515 391 629 428 noete
681 400 798 448 ccum
846 388 887 428 vi
933 388 1070 428 multa
1118 379 1409 440 oppositionis'
1462 387 1640 438 dicitur,
1687 391 1736 430 ut
1781 391 1895 431 recte

266 460 482 500 Baehrens
516 459 691 498 adnotat
724 481 777 495 .—
811 457 924 498 fures
963 458 1095 499 latere
1138 458 1187 499 cf.
1225 458 1325 499 Hor.
1367 471 1428 511 ep.
1468 458 1490 499 I
1533 465 1579 508 2,
1620 465 1672 501 32
1717 463 1899 512 suryunt

270 530 318 570 cle
349 532 466 570 nocte
499 528 693 576 latrones,
727 532 766 568 Γ
797 534 847 569 11
883 526 1059 584 ὀμίχλην
1081 560 1120 568 ..
1154 527 1318 585 κλέπτῃ
1342 561 1381 569 ..
1413 530 1562 578 νυκτὸς
1601 527 1781 582 &prelum
1824 531 1898 572 sed

272 601 382 642 6111111
415 611 638 652 vesperum
668 610 752 638 11011
783 598 908 639 1110ᾶο
950 611 1034 639 11011
1076 599 1385 640 criminandum
1426 612 1539 649 esse,
1581 613 1727 641 verum
1769 601 1898 642 etiam

268 670 545 718 laudandum,
579 669 651 720 qui
692 668 802 708 idem
842 682 965 719 saepe
1005 672 1214 710 revertens
1252 670 1329 710 sub
1371 672 1535 710 mutato
1575 671 1743 712 nomine
1784 671 1898 712 fures

270 739 596 793 comprehendat
628 739 652 778 1.
685 743 710 779 e'
740 739 821 780 (1161
852 740 944 780 11166
979 740 1246 780 adventante.
1295 742 1353 781 Ac
1375 741 1559 793 primum
1583 741 1752 793 quidem
1773 753 1901 793 saepe

270 811 320 852 ad
353 813 562 851 revertens
592 809 777 862 pertinet
807 822 884 850 nec
916 810 1033 862 iungi
1054 812 1206 863 potest,
1240 811 1351 862 quod
1374 811 1545 862 quidam
1568 811 1769 860 fecerunt,
1802 825 1899 853 cum

269 880 542 932 comprendis,
577 880 674 932 quia
706 880 766 920 ita
798 880 839 920 id
873 881 983 932 quod
1016 881 1152 921 laudis
1186 893 1357 934 vespero
1390 881 1583 922 tribuunt
1604 882 1786 932 iuvenes,
1818 882 1901 935 ipsi

270 965 417 993 rursus
458 964 533 1004 per
571 964 696 1001 saepe
738 951 1013 992 infirmarent.
1076 951 1186 992 Nam
1208 951 1375 992 Lucifer
1407 953 1576 992 tantum
1607 965 1730 1003 saepe
1762 965 1902 994 rever-

270 1024 387 1072 titur,
421 1022 493 1063 sed
516 1034 681 1074 semper
703 1021 817 1062 fures
841 1022 1136 1075 comprendere
1170 1022 1333 1063 dicitur.
1379 1023 1517 1075 Igitur
1534 1021 1654 1063 Eous
1677 1022 1901 1064 Schraderi

270 1107 353 1134 non
387 1093 573 1146 speciosa
605 1094 774 1132 tantum
808 1094 872 1133 est
904 1093 1154 1142 coniectura,
1188 1093 1256 1133 sed
1294 1094 1511 1134 verissima
1544 1093 1778 1134 emendatio
1810 1094 1904 1135 1060

272 1152 459 1217 corrupti
490 1163 681 1204 vocabuli
714 1162 873 1202 eosdem
905 1163 1153 1216 reponenda.

391 1233 604 1285 Quidquid
638 1233 749 1273 enim
781 1234 912 1274 latere
944 1236 1070 1286 putas
1104 1235 1180 1274 sub
1213 1246 1259 1274 eo
1293 1234 1504 1282 vocabulo,
1535 1234 1614 1275 hoc
1634 1235 1773 1287 ipsum
1805 1247 1903 1275 vere

274 1306 466 1358 ineptum
510 1307 585 1344 est.
648 1303 759 1344 Nam
802 1316 899 1344 cum
930 1304 1092 1344 furibus
1125 1316 1205 1344 nox
1237 1316 1436 1357 prospera
1477 1304 1661 1353 dicatur,
1702 1316 1785 1345 11011
1817 1304 1905 1346 Η6-

279 1388 439 1429 sperus,
473 1375 591 1416 cuius
626 1375 702 1415 sub
736 1374 919 1415 adventu
953 1375 1079 1415 etiam
1098 1375 1243 1427 vigilet
1265 1375 1466 1424 custodia,
1498 1387 1550 1415 ne
1583 1375 1611 1415 ii
1644 1375 1812 1427 quidem
1843 1375 1906 1416 ita

273 1447 408 1487 denuo
441 1445 586 1486 referri
608 1447 797 1498 possunt,
830 1446 878 1485 ut
903 1438 1068 1506 ‘iidem’
1095 1446 1145 1485 ab
1169 1445 1312 1486 eodem
1335 1445 1522 1498 Hespero
1545 1447 1709 1486 mutato
1731 1446 1900 1487 nomine

280 1516 575 1570 comprehendi
618 1515 821 1556 dicantur.
895 1515 976 1556 Sed
1015 1516 1116 1556 illud
1162 1517 1354 1565 notatur,
1397 1516 1467 1567 qui
1508 1515 1721 1556 custodiae
1763 1515 1906 1557 faveat

274 1588 300 1628 i.
334 1601 378 1637 e.,
411 1589 460 1628 ut
500 1587 687 1640 proxima
729 1586 944 1638 aperiunt,
986 1585 1098 1626 sures
1139 1586 1377 1638 prohibeat,
1421 1598 1524 1637 quos
1563 1598 1646 1627 non
1686 1586 1906 1639 prohibeat

275 1671 367 1707 nor,
402 1658 474 1699 sed
508 1657 726 1705 admittat,
766 1656 946 1697 eundem
987 1656 1129 1696 furum
1168 1657 1529 1709 comprehensioni
1572 1656 1723 1697 favere.
1784 1656 1907 1698 Duae

276 1730 406 1782 igitur
428 1729 565 1769 variae
599 1728 783 1769 actiones
815 1728 1113 1780 praedicantur
1146 1728 1195 1768 de
1217 1728 1405 1780 Hespero
1439 1728 1523 1768 sive
1558 1726 1750 1768 Lucifero
1783 1727 1907 1780 eique

275 1813 349 1853 per
391 1800 499 1840 ‘idem
544 1799 808 1847 tribuuntur,
848 1812 931 1838 non
978 1798 1026 1838 de
1069 1798 1231 1839 furibus
1278 1798 1427 1838 iisdem
1476 1798 1574 1850 quid
1620 1798 1695 1838 fiat
1742 1798 1907 1839 dicitur.

276 1871 390 1911 Nihil
423 1871 551 1922 igitur
583 1870 665 1909 huc
696 1869 878 1921 pertinet
910 1869 1024 1909 locus
1059 1869 1216 1909 allatus
1249 1881 1269 1909 e
1301 1869 1500 1909 Iuvenale
1535 1868 1619 1909 VII
1654 1873 1736 1910 153
1769 1869 1837 1909 hic

512 1939 629 1980 Nam
662 1952 945 1990 quaecumque
977 1939 1124 1979 sedens
1155 1939 1273 1979 morlo
1295 1938 1460 1991 ἱερᾶν-αἰ,
1493 1938 1594 1980 haee
1622 1938 1764 1979 eadem
1786 1941 1909 1979 stans

513 2009 713 2062 Peiferet,
748 2013 872 2061 atque
904 2009 1047 2050 eadem
1080 2009 1267 2050 cantabit
1298 2009 1487 2050 versibus
1520 2009 1661 2050 isdem.

395 2083 522 2123 Porro
554 2081 742 2122 Pleitner
774 2082 799 2121 l.
823 2094 854 2121 6.
878 2094 915 2133 p.
941 2086 994 2122 70
1027 2083 1139 2122 recte
1172 2081 1277 2121 illud
1310 2080 1618 2129 animadvertit,
1653 2080 1763 2132 quod
1794 2092 1908 2121 1111116

279 2167 302 2194 a
344 2153 601 2194 Baehrensio
651 2152 822 2192 demum
873 2151 1107 2204 profectum
1148 2151 1336 2200 videtur,
1377 2152 1504 2192 verba
1543 2153 1702 2191 mutato
1740 2150 1912 2191 nomine

280 2225 494 2277 flagitare,
542 2225 589 2263 ut
638 2223 747 2275 quod
797 2223 978 2263 alterum
1025 2235 1177 2263 nomen
1226 2223 1280 2262 sit
1327 2222 1505 2275 Hesperi
1550 2221 1771 2262 indicetur.
1854 2220 1909 2261 Ut

280 2295 464 2347 aequalis
499 2297 541 2335 et
575 2294 732 2334 amicus
767 2293 924 2335 Catulli
948 2294 991 2334 C.
1014 2293 1189 2333 Helvius
1214 2293 1347 2334 Cinna
1370 2293 1411 2333 in
1434 2293 1482 2333 fr.
1508 2299 1531 2334 8
1555 2293 1609 2333 M.
1633 2293 1675 2332 in
1699 2292 1908 2345 Zmyrnae

283 2365 543 2407 errabundae
586 2365 809 2416 angoribus
858 2366 900 2405 et
941 2364 1297 2405 sollicitudinibus
1339 2364 1621 2405 describendis
1664 2363 1767 2404 haec
1809 2362 1911 2403 dicit

282 2438 445 2477 inverso
479 2448 624 2477 earum
657 2436 877 2476 notionum
913 2435 1077 2475 ordine:

524 2506 582 2546 Te
612 2506 850 2546 matutinus
880 2505 1047 2555 flentem
1079 2505 1293 2556 conspexit
1324 2506 1452 2554 Eous,

516 2576 576 2616 Et
604 2576 768 2627 flentem
797 2575 945 2627 paullo
976 2576 1084 2616 vidit
1113 2578 1204 2626 post
1236 2576 1455 2626 Hesperus
1486 2575 1606 2616 idem.

400 2647 637 2699 Vesperum
660 2648 789 2699 igitur
823 2672 875 2676 —
909 2648 969 2687 ita
992 2647 1155 2688 acutius
1186 2649 1228 2687 et
1251 2647 1446 2687 subtilius
1470 2644 1726 2687 defendendo
1750 2644 1908 2685 crimen

282 2718 386 2758 illud
420 2718 590 2757 iuvenes
624 2718 790 2758 elevant
821 2742 875 2746 —
910 2730 1046 2770 neque
1081 2717 1248 2770 culpam
1280 2729 1372 2757 eam
1406 2717 1634 2762 sustinere,
1668 2726 1795 2767 quam
1836 2714 1913 2754 tri-

282 2789 416 2829 buant
447 2788 624 2840 puellae,
658 2788 769 2840 quod
802 2788 926 2829 furtis
959 2788 1110 2837 faveat,
1143 2789 1184 2828 et
1217 2788 1293 2827 sub
1316 2787 1593 2850 lucis-reditu,
1627 2797 1754 2837 quam
1787 2796 1912 2837 saepe
