2013 3223
860 154 911 191 :27

83 279 271 331 cognitus
303 278 387 320 fere
420 279 483 319 est
520 278 728 331 plerisque
769 278 1009 331 philologis,
1050 277 1117 317 hic
1155 275 1261 316 illud
1304 276 1473 315 tantum
1504 273 1692 327 posuisse

82 349 185 390 satis
216 349 413 398 habeam,
454 349 497 389 in
536 349 679 401 lingua
717 348 850 388 latina
889 349 987 389 huic
1026 346 1185 387 notioni
1224 345 1423 386 inservire
1463 343 1693 397 praefixum

87 411 290 479 tcom—².
353 418 433 460 Sed
475 431 580 471 quae
622 431 773 471 genera
815 419 898 459 sint
939 418 1026 459 eius
1057 416 1236 458 notionis
1269 417 1311 456 et
1344 427 1449 467 quae
1482 414 1537 455 sit
1569 413 1693 465 origo,

80 501 132 530 ne
163 489 439 542 perstringere
473 489 639 541 quidem
670 489 773 529 mihi
804 502 916 529 nunc
945 489 1054 537 licet,
1085 487 1256 527 minime
1288 486 1331 525 in
1358 485 1557 525 hocloco.
1608 483 1692 523 Res

81 560 224 600 tamen
246 560 358 600 certa
379 560 443 599 est
467 559 653 611 mihique
681 560 904 612 explorata.
947 558 1137 599 Pertinet
1162 557 1245 597 huc
1270 556 1396 608 caput
1411 554 1515 595 illud
1537 553 1694 606 gravis-

81 629 210 670 simae
233 630 621 682 copiosissimaeque
640 630 849 671 doctrinae
874 630 1046 683 plenum
1062 629 1105 668 in
1121 626 1370 668 Miklosichii
1389 624 1609 677 grammat.
1629 622 1691 663 IV

79 712 118 753 p.
140 704 274 742 274-
286 705 380 749 340,
403 700 474 752 qui
498 713 580 741 non
603 701 714 741 recte
731 713 769 753 p.
789 705 868 741 291
889 700 1011 740 dicit:
1041 697 1137 739 Das
1155 695 1397 738 lateinische
1418 695 1536 735 bietet
1560 692 1694 744 weniy

79 768 403 821 veryleiehbares
436 770 526 811 dar.
573 771 689 812 Adde
723 770 765 812 C.
787 771 852 810 W.
884 770 1052 811 Smithii
1083 769 1271 809 libellum
1302 766 1483 808 academ.
1528 765 1694 817 Kopen-

79 840 227 893 hagen.
259 852 294 881 a.
329 846 437 883 1875
473 841 533 882 ed.
566 841 614 882 (10
647 841 782 882 verbis
814 839 1110 893 imperfectivis
1135 840 1176 879 et
1205 837 1442 891 perfectivis
1474 836 1517 876 in
1538 833 1693 886 linguis

81 910 319 960 Slavoniois,
347 911 417 963 qui
444 923 592 963 graeca
620 911 825 963 quaedam
855 911 1069 963 comparat
1094 909 1226 949 latina
1247 908 1391 960 lingua
1419 906 1583 947 omissa.

200 981 281 1022 Sed
323 982 432 1022 enim
473 981 760 1022 committendi
797 981 1046 1021 vocabulum
1086 992 1109 1020 a
1142 978 1306 1020 Catullo
1345 977 1412 1017 hic
1443 975 1694 1028 usurpatum

80 1051 282 1103 originem
312 1052 438 1092 habet
469 1052 584 1091 illam
606 1051 740 1104 priore
772 1052 860 1091 loco
882 1051 1122 1091 indicatam.
1173 1049 1330 1089 Dicunt
1351 1047 1480 1099 igitur
1510 1045 1694 1093 iuvenes,

80 1121 277 1172 quoniam
308 1123 471 1162 mentes
504 1123 546 1162 et
578 1133 699 1162 aures
730 1122 773 1162 in
805 1121 989 1162 diversas
1022 1122 1161 1173 partes
1191 1119 1345 1159 divisae
1373 1117 1538 1164 11101101,
1581 1127 1695 1155 mmo

78 1189 225 1231 saltem
255 1214 313 1220 —-
343 1192 447 1233 haec
479 1192 588 1232 enim
620 1192 746 1233 verba
778 1191 1067 1244 coniungenda
1099 1202 1209 1237 esse,
1240 1202 1322 1230 non
1355 1187 1518 1227 animos
1549 1184 1695 1225 saltem

79 1263 192 1302 recte
232 1262 395 1302 monuit
433 1263 484 1303 Κ.
524 1262 569 1302 Ρ.
604 1262 779 1303 Schulze
819 1263 862 1302 10
895 1261 1054 1302 Ζίεεῖιν.
1092 1260 1122 1312 f.
1165 1260 1204 1301 d.
1242 1255 1546 1311 Gymnasialw.
1583 1261 1690 1297 1877

79 1345 119 1385 p.
152 1337 233 1374 703
268 1357 319 1361 ——
353 1333 429 1373 has
471 1333 599 1373 animi
638 1335 778 1386 partes
812 1331 1131 1374 committendas
1164 1331 1189 1371 i.
1222 1343 1254 1371 e.
1285 1330 1328 1370 in
1359 1341 1491 1369 unum
1523 1327 1693 1368 coniun-

82 1401 237 1454 gendas
271 1403 355 1443 sive
385 1403 660 1444 conciliandas
694 1416 785 1444 esse
816 1404 841 1443 i.
871 1416 902 1444 e.
932 1401 1021 1443 sich
1051 1399 1488 1447 zusammeomehmem
1530 1399 1579 1438 ut
1610 1408 1695 1437 una

80 1472 136 1512 sit
168 1473 211 1513 et
240 1473 416 1513 indivisa
448 1473 641 1523 intentio,
682 1486 787 1526 quae
821 1475 944 1514 antea
986 1473 1194 1513 disiuncta
1226 1472 1310 1511 sive
1343 1470 1537 1523 separata
1568 1467 1695 1507 fuerit

79 1541 122 1581 10
164 1541 266 1582 (11105
302 1544 454 1596 1101105.
520 1536 886 1605 (Committuntur’
922 1544 1033 1585 enim
1065 1544 1139 1583 aut
1171 1542 1356 1582 diversae
1390 1541 1431 1581 01
1463 1538 1693 1580 disiunctae

78 1612 219 1664 partes
263 1613 447 1654 eiusdem
490 1615 652 1666 generis
690 1615 805 1655 velut
849 1606 985 1676 ‘mali'
1030 1613 1139 1666 apud
1182 1612 1404 1654 Caesarem
1453 1611 1490 1650 b.
1531 1622 1567 1661 g.
1608 1607 1694 1647 VII

81 1687 155 1731 22,
197 1686 220 1723 5
269 1677 565 1744 ‘munimenta'
609 1685 658 1726 01.
698 1686 784 1726 Liv.
825 1685 1051 1726 XXXVIII
1091 1690 1137 1732 4,
1170 1689 1217 1725 8:
1252 1695 1330 1734 per
1369 1680 1555 1722 nondum
1587 1691 1693 1719 com-

78 1751 211 1792 missa
240 1752 350 1793 inter
370 1766 412 1794 se
438 1755 699 1795 munimenta
729 1755 872 1796 urbem
903 1756 1079 1804 intrare,
1112 1766 1232 1807 porro
1265 1766 1361 1794 01110
1394 1749 1693 1803 significatione

78 1822 140 1863 101
177 1835 201 1863 0
242 1823 403 1865 duabus
443 1826 633 1878 partibus
676 1825 845 1867 effectae
890 1817 1080 1887 ‘proelia‘
1128 1816 1271 1887 ‘bella'
1323 1813 1567 1884 ‘sermones'
1615 1820 1695 1881 (111-

80 1884 204 1933 dicia'
258 1888 530 1955 ‘spectacula'
581 1897 685 1937 aliae
735 1909 801 1937 res
849 1897 950 1937 satis
990 1896 1167 1942 multae,
1216 1895 1290 1934 aut
1333 1882 1689 1955 ‘committuntur'

80 1962 363 2016 discrepantes
394 1968 535 2018 partes
568 1967 796 2019 incongrua
817 1969 993 2015 natura,
1025 1967 1141 2007 velut
1176 1965 1255 2027 tvir
1289 1966 1330 2005 et
1362 1953 1512 2015 equus'
1553 1961 1692 2023 thomo

80 2034 122 2073 01
161 2026 347 2087 serpens‘
384 2035 433 2076 cf.
467 2035 583 2077 Ovid.
614 2039 712 2077 met.
744 2037 826 2078 XII
859 2042 955 2079 478.
986 2036 1047 2077 IV
1083 2041 1165 2078 570
1180 2048 1240 2087 sq.

74 2147 76 2150 ,
195 2103 313 2145 Nova
347 2106 410 2146 051
443 2118 490 2147 00
521 2107 674 2148 locutio
709 2107 947 2148 Catulliana
979 2119 1114 2158 neque
1149 2106 1246 2146 alibi
1277 2104 1508 2152 invenitur,
1550 2103 1693 2142 tamen

79 2185 175 2214 cum
218 2186 241 2215 a
281 2177 488 2217 contraria
528 2177 746 2218 dividendi
785 2178 971 2226 notione,
1019 2189 1125 2229 quae
1165 2175 1446 2217 antecesserat
1483 2173 1525 2213 in
1557 2185 1592 2213 v.
1630 2175 1693 2220 15,

80 2243 327 2297 (101105001111
367 2248 409 2287 01
449 2247 729 2288 committendi
770 2248 883 2289 verbi
923 2248 1020 2288 usui
1061 2260 1108 2288 ac
1148 2246 1308 2287 notioni
1339 2244 1587 2286 conveniens
1627 2242 1692 2290 sit,

78 2316 193 2355 recta
235 2317 299 2356 est
337 2329 413 2358 nec
453 2318 592 2359 minus
633 2319 813 2371 genuina
856 2331 983 2371 quam
1024 2330 1150 2371 supra
1188 2318 1340 2357 allatae
1387 2315 1453 2356 vel
1499 2314 1693 2367 proterva

78 2384 151 2425 illa
191 2397 238 2426 00
277 2399 359 2427 000
399 2388 538 2428 minus
578 2389 800 2441 singularis
844 2389 1050 2429 Martialis
1082 2388 1102 2428 Ι
1156 2394 1230 2436 90,
1275 2393 1297 2428 7
1340 2386 1405 2427 vel
1438 2385 1618 2426 Senecae
1649 2383 1693 2423 in

80 2454 235 2495 anthol.
266 2457 337 2497 lat.
371 2464 436 2507 71,
471 2465 567 2511 7sq.
628 2460 696 2500 B.:

312 2525 431 2568 Idem
462 2530 663 2570 commisit
696 2529 812 2582 longo
845 2530 924 2571 duo
958 2529 1083 2570 litora
1110 2531 1234 2580 ponte

313 2596 487 2648 Xerxes,
518 2602 556 2640 et
583 2599 683 2651 fecit
707 2614 788 2652 per
817 2614 934 2641 mare
965 2599 1083 2640 miles
1113 2600 1203 2640 iter.

195 2665 304 2708 Hinc
341 2668 469 2720 igitur
506 2683 578 2723 per
623 2683 665 2712 se
717 2673 891 2725 apparet
932 2670 1178 2712 committere
1219 2669 1383 2710 animos
1421 2668 1470 2709 de
1510 2664 1690 2707 ineundo

77 2736 325 2787 certamine,
367 2740 475 2791 quod
515 2741 682 2793 quidem
713 2742 859 2796 Haupt
900 2742 1148 2795 opinabatur
1187 2742 1229 2781 in
1270 2753 1336 2793 qu.
1369 2738 1522 2781 Catull.
1553 2750 1591 2789 p.
1626 2741 1692 2784 28,

78 2804 158 2846 (1101
189 2808 353 2850 omnino
386 2822 467 2851 non
507 2824 646 2864 posse,
688 2813 884 2866 quoniam
926 2812 1063 2853 animi
1100 2814 1312 2853 certamen
1344 2808 1575 2862 significare
1608 2818 1692 2846 non
