2013 3223
362 675 433 736 1.
499 675 640 737 De
693 675 1086 738 carmine
1139 677 1454 738 LXII.

222 891 377 933 Catulli
423 890 762 942 epithalamium,
811 892 921 943 quod
968 894 1088 932 vocat
1125 891 1410 942 Quintilianus
1451 893 1494 934 in
1533 894 1630 934 inst.
1660 907 1718 935 or.

98 963 163 1004 IX
191 969 228 1012 3,
258 968 324 1011 16,
357 962 625 1014 stropharum
658 963 771 1001 certa
795 962 976 1013 quadam
1008 962 1170 1002 ratione
1203 963 1480 1015 compositum
1512 976 1602 1005 esse
1635 965 1716 1005 etsi

98 1034 142 1074 id
175 1033 342 1085 quidem
373 1033 557 1079 constat,
597 1043 645 1071 ea
686 1033 830 1072 tamen
862 1032 1102 1073 distributio
1143 1032 1329 1073 nondum
1361 1035 1609 1086 recuperata
1640 1036 1716 1084 est,

100 1115 206 1155 quae
240 1102 342 1143 artis
375 1101 554 1141 maxime
586 1101 754 1154 propria
775 1101 904 1142 fuisse
930 1102 1060 1142 videri
1093 1102 1225 1143 debet.
1286 1104 1346 1143 Ac
1377 1102 1515 1144 media
1547 1104 1715 1155 quidem

96 1174 188 1215 eius
221 1172 416 1214 carminis
447 1183 557 1224 pars,
592 1184 697 1223 quae
729 1172 951 1213 intercedit
982 1173 1092 1213 inter
1124 1185 1269 1213 versus
1295 1178 1346 1214 19
1372 1174 1414 1213 et
1437 1179 1503 1221 59,
1537 1173 1587 1214 ad
1610 1176 1716 1216 stro-

95 1244 242 1297 phicae
283 1242 562 1296 responsionis
612 1243 802 1294 regulam
843 1242 963 1283 facile
1009 1242 1214 1295 derigitur
1260 1255 1406 1284 versus
1452 1243 1714 1286 intercalaris

96 1313 376 1355 collocatione.
437 1312 721 1353 Dubitabatur
760 1314 928 1353 tantum
969 1313 1052 1353 fere
1094 1313 1137 1353 in
1170 1314 1312 1354 alteris
1345 1326 1450 1365 quae
1482 1315 1606 1367 vulgo
1637 1328 1714 1356 nu-

95 1385 314 1425 merantur
346 1383 433 1424 eius
465 1383 595 1435 partis
632 1383 812 1435 strophis
845 1383 869 1422 i.
902 1396 935 1423 e.
966 1384 1009 1423 in
1040 1384 1228 1424 versibus
1263 1388 1432 1425 32—38
1467 1384 1515 1425 de
1537 1398 1711 1426 numero

97 1467 308 1502 versuum,
342 1454 413 1505 qui
443 1453 757 1500 interciderunt,
791 1465 1048 1505 quamquam
1081 1465 1129 1493 ea
1153 1466 1317 1505 quoque
1350 1454 1485 1506 opinio
1519 1457 1608 1495 erat
1628 1468 1712 1496 non

94 1524 217 1565 modo
250 1536 395 1565 versus
429 1523 633 1576 quosdam
665 1523 886 1575 utriusque
912 1524 1119 1576 strophae,
1153 1524 1225 1564 sed
1248 1524 1482 1576 complures
1516 1526 1709 1578 strophas

93 1595 245 1635 lacuna
284 1595 357 1634 illa
392 1594 567 1634 haustas
608 1593 748 1634 fuisse.
817 1594 926 1634 Nam
966 1594 1009 1634 in
1049 1594 1177 1634 tertia
1225 1595 1396 1647 stropha
1442 1597 1536 1647 post
1578 1609 1613 1636 v.
1655 1601 1703 1637 41

93 1678 226 1705 unum
246 1677 415 1706 versum
437 1664 579 1705 deesse
613 1666 655 1705 et
686 1664 730 1704 in
753 1664 1015 1717 antistropha
1036 1666 1131 1717 post
1152 1678 1188 1705 v.
1213 1669 1264 1706 58
1299 1677 1467 1705 versum
1491 1666 1562 1717 qui
1585 1667 1711 1707 amis-

93 1747 166 1775 sus
199 1736 263 1776 est
293 1735 585 1775 intercalarem
616 1734 885 1774 inserendum
917 1747 1006 1775 esse
1041 1737 1203 1775 certum
1235 1737 1299 1775 est
1335 1737 1377 1776 et
1409 1736 1679 1788 exploratum.

210 1805 302 1845 Iam
334 1817 439 1857 quae
477 1805 640 1856 reliqua
681 1807 780 1844 sunt
819 1806 984 1857 praeter
1014 1805 1120 1845 illud
1152 1806 1351 1846 iuvenum
1392 1807 1434 1846 et
1472 1807 1710 1859 puellarum

91 1887 262 1915 carmen
295 1875 578 1924 amoebaeum,
617 1887 666 1915 ea
696 1875 807 1915 inter
839 1887 881 1915 se
913 1887 995 1915 non
1029 1875 1167 1915 omnia
1198 1888 1274 1916 nec
1306 1888 1708 1924 versuumnumero

88 1947 327 1997 congruunt
367 1957 444 1985 nec
486 1957 579 1985 eam
616 1945 773 1986 habent
813 1946 1118 1986 sententiarum
1160 1946 1484 1987 concinnitatem
1526 1950 1600 1987 aut
1645 1960 1709 1989 re-

89 2016 375 2068 sponsionem,
417 2027 523 2067 quae
565 2015 762 2056 carminis
807 2016 1127 2067 argumentique
1161 2015 1348 2056 ordinem
1381 2017 1483 2057 satis
1517 2019 1612 2070 apte
1646 2018 1707 2058 di-

89 2086 282 2138 stinguat
323 2087 365 2126 et
404 2085 626 2125 illuminet.
689 2085 845 2126 Deesse
888 2086 999 2126 enim
1041 2085 1200 2137 aliquid
1241 2086 1293 2126 ad
1338 2087 1426 2127 eius
1460 2099 1566 2139 quae
1600 2088 1708 2128 desi-

89 2155 261 2196 deratur
283 2155 366 2196 fere
389 2157 701 2208 aequabilitatis
724 2156 941 2205 rationem,
975 2156 1009 2196 si
1040 2157 1396 2209 interpretationis
1430 2157 1603 2199 artificia
1624 2159 1707 2200 huc

29 2228 33 2232 '
89 2238 223 2278 usque
256 2226 441 2267 adhibita
471 2227 791 2279 perlustramus,
825 2227 927 2267 satis
961 2228 1145 2279 apparet.

204 2297 358 2349 Magna
379 2309 474 2337 vero
497 2299 561 2337 est
583 2297 699 2350 copia
732 2299 773 2338 et
796 2297 1077 2350 discrepantia
1101 2297 1406 2338 sententiarum
1439 2297 1488 2338 de
1519 2299 1705 2351 partium

88 2368 354 2420 responsione
386 2368 657 2420 prolatarum,
691 2368 809 2408 cuius
835 2368 1090 2408 diversitatis
1123 2367 1385 2408 commodum
1416 2369 1588 2421 praebet
1610 2382 1705 2410 con-

89 2440 280 2490 spectum
319 2438 364 2478 L.
405 2437 600 2478 Schwabe
639 2439 682 2478 in
727 2438 992 2478 adnotatione
1041 2438 1233 2478 editionis
1278 2450 1312 2478 a.
1357 2444 1467 2480 1866
1517 2440 1559 2479 et
1603 2438 1702 2480 Otto

87 2507 249 2548 Franke
281 2509 323 2548 in
356 2508 646 2549 dissertatione
677 2509 917 2561 inaugurali
949 2508 997 2548 de
1041 2508 1262 2549 artificiosa
1294 2509 1526 2549 carminum
1559 2509 1704 2550 Catul-

87 2577 294 2618 lianorum
334 2579 628 2631 compositione
673 2567 1028 2632 Gryphiswaldiae
1080 2578 1224 2619 eodem
1274 2591 1380 2619 anno
1423 2579 1544 2619 edita.
1621 2579 1702 2620 Hic

85 2659 124 2700 p.
147 2653 201 2688 42
216 2660 275 2700 sq.
306 2661 454 2689 novem
487 2649 670 2689 virorum
701 2649 920 2690 doctorum
942 2649 1077 2689 varias
1101 2649 1189 2689 eius
1223 2649 1418 2690 carminis
1450 2649 1700 2702 partitiones

85 2719 337 2771 composuit,
377 2718 486 2771 quod
518 2731 686 2760 carmen
728 2719 780 2760 ad
813 2721 971 2760 certam
1004 2719 1273 2772 stropharum
1305 2719 1509 2760 rationem
1542 2719 1702 2760 confor-

84 2789 248 2828 matum
285 2788 413 2829 fuisse
454 2790 614 2842 primus
653 2789 794 2830 Naeke
835 2802 869 2830 a.
904 2794 1014 2831 1823
1055 2790 1286 2842 explicavit.
1347 2789 1494 2830 Denuo
1538 2790 1699 2830 ratione

157 2867 297 2899 Weber,
319 2869 508 2900 Quaestiones
531 2870 718 2896 Catullianae.
1398 2861 1415 2892 1
