2013 3223
1068 157 1120 193 22
1186 210 1201 213 -

290 286 313 314 a
347 274 512 328 Sappho
546 277 633 330 ipsa
666 279 942 319 transtulerit.
1003 279 1052 320 Id
1083 281 1266 333 potuisse
1299 280 1388 322 fieri
1420 293 1547 333 supra
1575 281 1756 322 evictum
1787 283 1900 335 puto,

294 345 365 385 sed
398 348 445 386 ut
477 359 622 399 reapse
655 348 698 387 id
730 348 888 389 factum
922 361 1012 390 esse
1045 349 1236 400 iudicem,
1269 351 1373 391 illud
1404 364 1470 391 me
1502 351 1681 392 maxime
1723 364 1903 393 commo-

288 416 376 464 vet,
418 416 525 467 quod
558 430 652 457 mox
684 417 916 458 videbimus
949 418 1165 461 Catullum
1196 433 1278 461 non
1318 421 1361 461 in
1400 421 1529 462 totius
1572 422 1766 462 carminis
1808 424 1902 463 tan-

289 486 380 525 tum
413 487 580 527 consilio
615 489 656 527 et
688 489 997 540 compositione,
1030 490 1103 531 sed
1134 491 1176 531 in
1209 491 1384 542 singulis
1416 492 1539 532 rebus
1570 504 1647 532 nec
1678 492 1817 533 minus
1858 493 1901 532 in

286 555 374 607 ipso
417 568 604 597 sermone
651 557 868 609 figurando
921 559 1115 613 Sapphus
1165 562 1336 602 inventa
1387 575 1482 602 cum
1530 574 1630 602 cura
1673 562 1900 604 rettulisse.

285 625 430 674 Porro,
475 627 583 667 sicut
631 627 680 668 de
722 628 908 682 Hespero
955 643 1106 672 novam
1155 632 1373 672 scientiam
1420 633 1610 673 consulto
1650 633 1900 685 usurpatam

286 695 412 737 fuisse
446 709 469 737 a
502 696 667 750 Sappho
698 698 806 739 infra
839 712 1133 752 cognoscemus
1165 702 1207 742 in
1239 716 1275 743 v.
1306 708 1359 743 34
1371 715 1442 755 sq.‚
1465 703 1565 744 item
1586 703 1674 744 iure
1698 703 1900 756 suspicari

285 766 383 806 licet
423 767 607 820 palmam
649 770 742 809 tum
784 770 893 823 apud
933 771 1104 812 Lesbios
1144 784 1287 813 recens
1329 772 1457 813 fuisse
1495 773 1690 814 victoriae
1733 774 1899 826 signum

284 837 423 888 paullo
457 839 553 878 ante
587 851 680 879 eam
713 841 895 881 aetatem
927 853 1007 882 usu
1039 842 1203 895 publico
1236 844 1463 896 receptum.

399 906 492 948 Iam
538 908 673 950 denuo
721 910 772 951 ad
820 924 990 952 versum
1038 912 1325 954 Catullianum
1372 914 1658 967 respiciamus.
1727 914 1898 956 Puellae

283 977 411 1028 igitur
448 978 621 1020 Lesbiae
666 980 859 1035 Sapphus
900 984 1057 1036 peritae
1100 985 1201 1025 artis
1239 985 1424 1038 palmam
1464 985 1488 1024 i.
1530 997 1562 1026 e.
1604 985 1672 1026 vel
1711 985 1900 1026 arborem

285 1048 350 1088 vel
382 1050 601 1091 surculum
634 1052 792 1093 arboris
826 1054 997 1094 stamini
1030 1055 1260 1104 intexendi,
1302 1055 1508 1108 siquidem
1547 1056 1711 1108 palmae
1748 1067 1900 1096 nomen

285 1118 336 1158 ad
376 1119 511 1172 ipsam
553 1122 770 1164 victoriam
812 1124 1094 1166 denotandam
1134 1127 1218 1167 iam
1260 1128 1351 1167 tum
1389 1127 1646 1167 translatum
1687 1126 1784 1175 suit,
1822 1127 1900 1167 hoc

283 1188 451 1230 dicunt:
484 1205 596 1233 nunc
625 1206 708 1234 non
739 1197 888 1248 parata
922 1198 986 1237 est
1018 1196 1151 1238 facilis
1183 1198 1300 1238 nobis
1334 1210 1354 1238 e
1389 1198 1524 1250 qualis
1557 1197 1737 1246 victoria,
1772 1209 1899 1249 quam

284 1260 452 1311 quidem
486 1265 574 1303 arte
607 1266 751 1305 nostra
782 1267 977 1307 muliebri
1010 1267 1129 1308 facile
1154 1280 1450 1320 assequamur;
1485 1281 1611 1320 quam
1645 1268 1898 1308 sententiam

281 1329 472 1373 Catullus
514 1334 721 1376 locutione
761 1349 781 1376 e
821 1336 962 1388 qualis
1002 1339 1117 1390 prius
1160 1339 1359 1380 collocata
1390 1352 1471 1379 non
1505 1339 1592 1379 sine
1625 1338 1765 1390 aliqua
1808 1339 1898 1379 arte

281 1400 426 1442 effecit.
489 1403 574 1445 Nos
607 1405 764 1447 imitari
795 1420 1018 1460 possumus
1053 1421 1145 1449 eam
1176 1410 1356 1450 notionis
1387 1423 1470 1450 non
1499 1409 1820 1461 ambiguitatem
1842 1432 1898 1437 —

279 1471 382 1513 haec
415 1474 525 1515 enim
556 1476 673 1517 nulla
706 1479 770 1518 est
800 1502 856 1506 —
890 1479 961 1519 sed
995 1479 1281 1533 duplicitatem
1306 1481 1517 1533 quandam
1539 1479 1768 1528 dicendam,
1801 1492 1898 1520 cum

279 1544 518 1595 reponimus
567 1547 693 1588 simili
740 1561 836 1589 cum
882 1550 1155 1591 translatione
1211 1542 1431 1612 clorbeer',
1479 1542 1665 1612 (kranz',
1710 1540 1896 1611 (palmc'.

278 1613 387 1655 Nam
421 1616 455 1656 si
486 1617 581 1658 illae
615 1618 760 1660 dicunt
791 1632 872 1660 non
904 1621 988 1661 iam
1022 1621 1087 1673 agi
1120 1621 1284 1662 facilem
1316 1622 1433 1662 illam
1467 1634 1486 1662 e
1521 1621 1654 1674 qualis
1698 1620 1895 1673 palmam,

278 1686 420 1726 tamen
452 1687 562 1728 ultro
593 1689 636 1729 in
668 1690 747 1731 hac
778 1691 868 1743 ipsa
901 1692 1155 1744 oppositione
1186 1705 1303 1732 mera
1336 1692 1531 1733 victoriae
1554 1692 1666 1732 notio
1690 1691 1777 1731 sine
1808 1690 1897 1730 ulla

279 1758 480 1798 sermonis
522 1759 719 1800 violentia
762 1762 988 1811 excitatur,
1022 1763 1118 1814 quia
1149 1763 1282 1803 latina
1319 1775 1395 1803 vox
1431 1754 1605 1824 (palma'
1650 1774 1733 1802 non
1774 1760 1895 1802 modo

277 1826 550 1870 simulacrum
583 1832 647 1871 est
678 1832 885 1881 victoriae,
919 1833 991 1874 sed
1015 1834 1149 1886 ipsam
1171 1834 1389 1874 victoriam
1411 1834 1577 1874 nomine
1601 1845 1674 1874 suo
1699 1832 1895 1885 appellat.

396 1969 603 2020 Quoniam
635 1973 785 2025 puellis
818 1974 885 2015 hic
916 1974 1030 2015 locus
1063 1975 1251 2016 redditus
1285 1976 1365 2023 est,
1399 1975 1525 2015 etiam
1567 1973 1741 2026 singulis
1782 1972 1895 2012 locu-

279 2039 460 2081 tionibus
510 2055 586 2083 sua
635 2045 699 2084 est
745 2045 959 2086 reddenda
1005 2046 1116 2086 notio
1165 2047 1206 2086 et
1252 2046 1325 2086 vis.
1386 2045 1564 2086 Iuvenes
1611 2045 1766 2097 igitur,
1811 2054 1894 2083 non

275 2111 458 2162 puellae,
490 2126 601 2155 nunc
632 2126 769 2155 secum
801 2115 1003 2156 meditata
1035 2117 1257 2168 requirunt
1296 2118 1319 2157 i.
1353 2129 1385 2158 e.
1423 2127 1646 2179 (perpensa
1688 2127 1735 2155 ac
1772 2124 1892 2166 prae-

275 2175 466 2232 parata';
510 2184 630 2225 affert
660 2186 711 2226 Κ.
751 2186 796 2227 Ρ.
839 2186 1014 2228 Schulze
1056 2188 1099 2228 in
1132 2187 1333 2228 Zez'tschr.
1365 2187 1395 2239 f.
1430 2187 1466 2227 d.
1503 2183 1893 2239 Gynmasialwescn

280 2256 387 2293 1877
429 2266 466 2306 p.
513 2261 594 2297 703
628 2257 760 2297 Taciti
793 2258 1007 2299 annalium
1048 2259 1186 2299 locum
1219 2259 1318 2299 XIV
1354 2263 1406 2301 55
1439 2257 1665 2298 meditatae
1697 2253 1892 2303 orationi,

276 2322 376 2362 alios
417 2324 631 2367 Baehrens
681 2328 724 2368 in
765 2329 1073 2369 commentario.
1113 2353 1170 2357 —
1208 2329 1332 2370 Nunc
1378 2329 1513 2369 denuo
1556 2327 1764 2380 quaerunt
1805 2325 1891 2365 sive

274 2405 464 2436 revocare
498 2397 680 2447 student,
713 2400 760 2439 ut
783 2400 1035 2451 glossarium
1057 2400 1298 2440 balliolense
1329 2400 1372 2441 id
1396 2400 1645 2441 vocabulum
1666 2396 1892 2449 requirunt

274 2463 385 2504 inter
429 2468 682 2518 paucissima
730 2470 969 2511 Catulliana
1016 2474 1258 2523 receptum,
1310 2471 1419 2523 quod
1466 2471 1510 2511 L.
1566 2469 1788 2517 Schwabe,
1835 2466 1890 2507 N.

274 2533 447 2576 Jalerbb.
486 2543 594 2579 1885
627 2552 664 2592 p.
698 2546 780 2582 803
815 2541 866 2581 ad
898 2541 1010 2581 hunc
1041 2541 1178 2581 locum
1210 2542 1392 2590 rettulit,
1434 2542 1545 2582 recte
1587 2539 1890 2592 interpretatur

278 2607 537 2666 trequirunt:
592 2610 633 2650 in
682 2612 927 2652 memoriam
973 2603 1215 2659 revocant';
1260 2625 1343 2653 non
1394 2614 1505 2653 recte
1558 2610 1755 2652 describit
1797 2621 1890 2650 eam

273 2677 356 2717 vim
396 2678 609 2720 Baehrens
655 2681 774 2742 (dum
815 2682 955 2736 ali(us)
999 2695 1046 2723 ex
1078 2683 1191 2736 ali(o)
1225 2683 1400 2734 quaerit,
1434 2683 1533 2735 quid
1566 2680 1804 2734 argumenti
1837 2678 1889 2720 ad

273 2749 506 2790 canendum
539 2752 832 2803 excogitaverit
864 2746 1132 2806 adferatque'
1168 2778 1223 2782 —
1257 2754 1334 2794 hoc
1367 2755 1477 2795 enim
1510 2765 1599 2794 sero
1627 2764 1738 2792 nunc
1759 2750 1888 2790 fieret.

273 2818 385 2859 Certi
419 2820 527 2860 enim
562 2824 659 2861 sunt
693 2825 733 2862 et
767 2836 1008 2866 communes
1043 2824 1213 2877 quidam
1246 2825 1333 2873 loci,
1368 2825 1438 2876 qui
1470 2824 1512 2864 in
1539 2823 1693 2864 talibus
1718 2821 1890 2862 cantile-
