2013 3223
1049 146 1130 182 120

276 272 487 325 quendam
538 272 722 325 primum
771 270 933 310 aditum
985 269 1036 310 ad
1076 269 1271 310 Lesbiam
1316 267 1484 310 Catullo
1533 269 1729 320 paratum
1774 267 1906 309 fuisse

277 342 550 395 significabat.

394 481 603 533 Quoniam
635 494 747 522 nunc
779 481 961 521 vidimus
985 481 1063 521 hac
1093 492 1220 532 quam
1242 479 1534 533 proposuimus
1557 478 1905 531 interpretatione

276 552 546 594 difficultates
565 564 688 604 quae
722 553 847 592 antea
881 551 1106 592 obstabant
1138 563 1283 591 omnes
1320 551 1430 591 ultro
1453 549 1538 590 fere
1561 549 1774 597 removeri,
1807 549 1907 590 hinc

274 636 420 664 rursus
454 623 585 676 ipsius
618 623 731 663 illius
764 622 1123 676 interpretationis
1166 621 1322 661 veritas
1363 621 1566 661 firma-tur.
1628 620 1904 674 Tripertitum

274 694 403 746 igitur
436 695 501 734 est
541 694 618 734 hoc
660 694 797 734 totum
839 705 1007 733 carmen
1049 692 1114 732 vel
1156 691 1293 744 potius
1335 691 1604 744 bipertitum.
1646 690 1718 731 sed
1755 690 1817 730 ita
1856 691 1907 730 ut

277 765 396 805 nulla
428 764 559 804 trium
603 764 755 804 harum
794 763 980 816 partium
1022 774 1042 802 a
1083 762 1256 814 reliquis
1299 761 1422 801 avelli
1464 761 1615 813 possit,
1659 762 1701 801 et
1740 761 1820 801 hac
1860 772 1906 801 re

276 835 607 876 dissimillimum
639 834 894 875 carminibus
928 833 1039 874 LXV
1076 835 1118 873 et
1150 832 1299 879 LXVI,
1333 831 1442 884 quod
1475 843 1619 884 reapse
1653 831 1730 872 hae
1763 833 1906 884 partes

273 906 511 947 necessaria
543 907 585 946 et
616 905 832 945 individua
864 905 1026 945 unitate
1050 903 1354 944 consociantur.
1406 902 1499 943 Iam
1531 902 1564 942 si
1598 902 1709 955 typis
1740 914 1906 954 quoque

276 988 324 1017 ea
366 976 549 1017 condicio
591 975 945 1029 repraesentanda
993 977 1076 1018 est,
1125 974 1165 1014 id
1216 974 1275 1014 ita
1317 975 1486 1014 tantum
1528 972 1617 1013 fieri
1657 974 1818 1026 potest,
1856 973 1909 1013 ut

276 1059 422 1088 versus
455 1060 530 1100 per
562 1047 639 1088 has
673 1048 759 1088 tres
791 1048 934 1100 partes
968 1046 1165 1087 continuo
1198 1046 1496 1093 numerentur,
1535 1044 1644 1085 sicut
1686 1044 1907 1096 hucusque

274 1118 523 1171 plerumque
557 1117 718 1158 factum
751 1119 826 1166 est,
860 1117 932 1158 sed
965 1117 1101 1170 prima
1141 1128 1238 1169 pars
1283 1116 1333 1155 ab
1377 1115 1528 1163 altera,
1570 1115 1674 1155 haec
1716 1126 1739 1154 a
1779 1113 1908 1154 tertia

274 1188 400 1228 unius
448 1200 593 1229 versus
643 1188 778 1241 spatio
820 1188 1125 1228 dimoveantur.
1196 1186 1315 1237 Quod
1356 1198 1468 1226 nunc
1511 1185 1702 1226 videmus
1746 1184 1907 1225 factum

277 1271 368 1300 esse
400 1259 441 1299 in
475 1259 522 1299 B.
558 1259 779 1300 Schmidtii
812 1258 1104 1310 recognitione.

394 1399 556 1440 Versus
592 1404 763 1441 27—29
799 1400 858 1440 sic
892 1400 1022 1440 edidit
1055 1399 1277 1440 Schwabe:

517 1482 671 1534 Quare,
705 1482 816 1534 quod
844 1481 997 1523 scribis
1038 1481 1228 1522 Veronae
1260 1484 1383 1532 turpe
1418 1478 1586 1521 Catullo

575 1553 681 1593 Esse
712 1552 824 1605 quod
853 1552 920 1593 hic
953 1553 1093 1604 quivis
1125 1552 1174 1593 de
1207 1551 1374 1592 meliore
1405 1554 1505 1591 uota

513 1623 701 1676 Frigida
733 1623 890 1664 deserto
923 1626 1138 1675 tepefactet
1171 1623 1353 1663 membra
1386 1620 1527 1670 cubili,

279 1707 350 1748 sed
384 1707 426 1747 in
459 1720 494 1747 v.
530 1712 582 1748 29
617 1707 800 1748 traditur
836 1698 1073 1768 ‘tepefacit'
1110 1708 1185 1747 aut
1221 1697 1491 1768 (tepefactat'
1529 1703 1606 1758 (M
1638 1703 1836 1757 tepefacit
1868 1702 1910 1743 afl

279 1777 412 1819 factat
445 1777 493 1819 cf.
526 1777 708 1818 Hermes
743 1782 853 1819 1888
888 1791 925 1831 p.
969 1777 1083 1830 573).
1148 1776 1227 1818 Sed
1271 1789 1364 1817 eam
1404 1775 1627 1816 lectionem
1667 1775 1909 1827 corruptam

280 1861 371 1890 esse
405 1861 540 1901 neque
582 1849 706 1890 licere
749 1861 947 1902 reponere
991 1848 1170 1889 formam
1212 1849 1398 1900 aliquam
1439 1859 1513 1900 per
1557 1836 1754 1906 pepe—³
1799 1857 1911 1886 com-

276 1920 459 1973 positam
491 1920 594 1961 bene
629 1920 934 1961 demonstravit
950 1920 1166 1961 Baehrens
1200 1933 1237 1972 p.
1262 1923 1439 1971 498sq.;
1473 1919 1617 1958 tamen
1654 1906 1910 1977 (torpescis,

279 1991 389 2043 quod
424 1991 512 2044 ipse
546 1991 777 2044 repositum
811 1991 914 2040 vult,
948 1991 1180 2031 sententiae
1213 1990 1280 2031 hic
1311 1990 1573 2031 desideratae
1606 2001 1689 2029 non
1721 1989 1786 2028 est
1817 1999 1911 2040 pro-

277 2062 368 2115 pria
402 2074 489 2102 vox.
552 2061 770 2112 Quomodo
804 2063 915 2103 enim
954 2053 1189 2123 ‘torpescit'
1227 2061 1284 2109 is,
1325 2061 1396 2113 qui
1429 2060 1563 2101 amica
1595 2060 1740 2100 caret?
1790 2057 1910 2108 Quae

280 2133 335 2173 sit
367 2132 631 2186 torpescendi
668 2133 753 2181 vis,
796 2133 836 2173 id
879 2133 1118 2174 declaratur
1151 2132 1262 2173 verbi
1311 2121 1648 2193 ttorpefaciendi³
1685 2130 1769 2170 sive
1807 2130 1912 2191 (tor-

278 2196 469 2257 porandi'
506 2204 685 2244 notione.
731 2204 893 2245 Nonius
926 2217 962 2257 p.
999 2209 1080 2245 182
1111 2203 1166 2244 Μ.
1186 2203 1359 2256 praebet
1381 2203 1505 2243 haee:
1544 2200 1804 2264 ‹torporavit
1835 2211 1912 2253 pro

279 2274 510 2328 torpefecit.
583 2274 794 2328 Turpilius
828 2275 1035 2315 Hetaera:

518 2348 612 2397 ενα)
647 2356 845 2410 steipidus
879 2356 1042 2397 adstat:
1075 2355 1139 2396 ita
1170 2355 1261 2396 cius
1293 2354 1484 2406 aspecteis
1515 2366 1664 2405 repens

579 2440 647 2468 cor
679 2427 912 2479 to'rporavit
943 2427 1105 2469 ho'mim'
1139 2418 1300 2467 (maore.³

284 2510 560 2551 scribendum
596 2512 661 2551 est
693 2523 767 2564 per
799 2510 1112 2552 coniunctivum
1146 2509 1196 2550 ad
1231 2509 1411 2549 alienam
1444 2508 1679 2561 opinionem
1712 2507 1913 2548 denotan-

282 2580 380 2621 dam
413 2580 465 2629 id,
499 2580 609 2633 quod
642 2581 832 2622 codicum
865 2593 1030 2633 quoque
1064 2580 1251 2634 apicibus
1285 2581 1479 2620 accurate
1513 2578 1758 2632 respondet:

554 2662 741 2715 Friyida
773 2662 932 2703 deserto
964 2662 1205 2703 tabescat
1237 2660 1421 2702 membra
1453 2659 1594 2701 cubili.

280 2745 342 2785 Ac
375 2745 424 2785 de
458 2746 687 2786 accusativi
719 2758 799 2786 usu
831 2746 924 2786 vide
958 2746 1068 2786 locos
1102 2745 1185 2785 iam
1218 2756 1241 2785 a
1263 2744 1522 2785 Baehrensio
1546 2744 1695 2784 allatos
1719 2756 1750 2784 c.
1773 2742 1910 2783 LXIV

283 2819 349 2856 64.
394 2820 459 2856 65.
534 2816 644 2858 Nam
690 2807 942 2878 <tabescere'
994 2818 1059 2857 est
1099 2815 1303 2856 desiderio
1346 2814 1489 2856 confici
1531 2814 1615 2855 sive
1659 2813 1913 2876 ‘torquerier
