2013 3223
1039 109 1118 145 168

267 249 302 277 v.
342 241 392 277 19
427 234 696 281 describitur,
739 235 788 273 ut
820 234 931 273 recte
965 232 1125 285 primus
1158 232 1262 273 vidit
1294 232 1528 282 Baehrens,
1569 233 1766 286 idemque
1800 247 1897 276 cum

266 318 393 347 senex
426 307 536 346 esset
570 316 640 344 eas
674 302 793 344 sedes
827 303 976 343 tenuit.

386 375 513 416 Porro
547 373 658 426 quod
690 373 777 414 loco
801 375 1022 426 corruptae
1056 375 1098 414 et
1129 374 1251 427 plane
1284 373 1586 427 inexplicabilis
1614 374 1724 415 vocis
1760 366 1894 436 (voto'

267 445 556 499 reponendum
597 443 763 485 censuit
795 443 1012 484 Baehrens
1049 436 1225 505 (nataess
1266 443 1308 484 id
1348 444 1446 485 huic
1485 444 1574 485 loco
1605 457 1688 486 non
1720 446 1784 486 est
1814 444 1901 485 ido-

268 528 407 557 neum.
470 514 581 555 Nam
615 527 711 555 cum
744 515 910 554 mutata
942 513 1072 554 fuisse
1105 514 1233 554 ianua
1268 514 1332 575 cin
1355 505 1594 554 dominum'
1630 515 1900 567 veteremque

269 585 503 627 deseruisse
535 584 664 625 fidem
695 583 877 632 feratur,
909 583 1098 624 nondum
1131 584 1164 624 is
1198 584 1394 624 dominus
1428 584 1688 636 significatus
1721 586 1797 633 est,
1830 584 1902 637 qui

269 656 453 696 Balbum
494 655 536 695 in
584 655 672 695 eius
706 654 855 694 domus
889 654 1150 706 possessione
1184 654 1402 707 exciperet.
1467 653 1559 704 Qua
1592 655 1640 695 de
1674 667 1801 696 causa
1831 667 1904 695 ne-

272 739 352 779 que
398 717 563 787 ‘natae’
608 737 744 776 neque
789 736 896 777 quae
939 737 1035 765 cum
1077 737 1126 765 ea
1168 725 1408 766 coniectura
1450 725 1659 766 artissime
1709 725 1904 766 cohaeret

270 797 406 837 altera
452 795 699 836 Baehrensii
749 796 999 856 (postquam
1048 796 1113 836 est
1158 797 1349 848 porrecto
1397 794 1510 836 facta
1557 807 1629 836 era
1665 795 1744 836 rite
1785 786 1900 836 sene'

270 869 385 908 stare
417 868 569 919 potest.
634 865 716 906 Sed
749 866 791 906 in
818 857 957 924 ‘voto'
982 866 1113 906 latere
1148 866 1272 907 debet
1302 878 1456 907 nomen
1479 865 1647 918 aliquod
1678 866 1904 919 proprium,

270 937 530 990 respondens
563 936 724 977 nomini
757 936 881 977 alteri
915 928 1089 998 ‘Balbo'
1126 949 1200 990 per
1232 937 1546 990 oppositionem.
1612 936 1905 990 Suppeditavit

270 1008 376 1048 mihi
417 1007 461 1049 P.
494 1007 755 1048 Krumbholz
808 1006 939 1056 Varo,
991 1007 1099 1059 quod
1147 1019 1300 1048 nomen
1344 1007 1421 1047 viri
1461 1019 1544 1047 non
1591 1007 1732 1047 minus
1773 1006 1906 1059 ignoti

273 1090 403 1131 quam
434 1078 558 1119 Balbi
589 1078 678 1119 loco
706 1078 934 1130 ‚corruptae
968 1077 1080 1118 vocis
1116 1075 1249 1134 ‘voto’
1290 1090 1386 1118 cum
1418 1077 1504 1118 veri
1537 1076 1810 1118 similitudine
1842 1088 1906 1118 re-

272 1148 452 1202 ponitur.
515 1148 625 1200 Ergo
663 1150 775 1189 recte
820 1160 863 1189 se
902 1148 1031 1189 habet
1064 1148 1279 1189 Schwabei
1320 1148 1613 1201 interpretatio
1654 1147 1904 1189 conferentis

272 1219 381 1259 Livii
411 1218 578 1259 XXVII
613 1223 679 1267 31,
713 1223 736 1260 5
777 1231 869 1275 ‘per
901 1219 1077 1259 maritas
1111 1216 1290 1260 domos’.

395 1289 476 1330 Sed
514 1289 620 1330 haec
661 1289 801 1330 omnia
844 1290 1128 1343 superioribus
1171 1289 1431 1343 temporibus
1474 1289 1586 1331 facta
1629 1290 1813 1342 arguunt
1843 1289 1905 1329 in·

273 1360 427 1401 finitivi
457 1360 679 1413 praeteriti
711 1360 912 1414 temporis
949 1356 1167 1416 tservisse'
1202 1360 1245 1400 in
1277 1373 1312 1401 v.
1348 1365 1371 1401 3
1406 1361 1448 1401 et
1481 1365 1518 1409 5,
1553 1356 1828 1416 ‘deseruisse’
1863 1359 1907 1400 in

274 1443 309 1471 v.
344 1435 392 1478 8;
425 1443 538 1472 nunc
570 1443 665 1472 vero
699 1443 747 1472 ea
779 1431 904 1472 ianua
938 1431 1173 1484 domusque
1207 1432 1271 1472 est
1305 1430 1485 1473 Caecilii.
1548 1430 1668 1472 Idem
1699 1429 1784 1471 fere
1817 1430 1904 1471 iam

274 1501 441 1542 monuit
471 1501 687 1542 Baehrens
722 1501 775 1542 ad
807 1515 842 1542 v.
879 1507 974 1554 9sq.
1007 1514 1043 1555 p.
1079 1506 1234 1554 484sq.

803 1868 1379 1927 Addendum.

375 1969 459 2004 Cum
487 1969 554 2003 iam
581 1980 619 2003 ea
646 1980 733 2015 quae
760 1969 800 2003 de
827 1981 854 2003 c.
874 1969 1018 2003 LXVHI
1044 1970 1198 2015 exposita
1225 1972 1308 2004 sunt
1334 1970 1427 2015 typis
1453 1968 1627 2014 descripta
1651 1971 1777 2012 essent,
1804 1980 1908 2004 novos

276 2029 363 2063 duos
402 2029 443 2063 de
481 2028 598 2062 eodem
636 2028 788 2062 carmine
821 2029 957 2062 libellos
993 2029 1161 2074 prodiisse
1196 2029 1362 2074 comperi:
1403 2039 1491 2062 unus
1523 2030 1578 2062 est
1602 2027 1908 2062 Hoersehelmanni

276 2088 418 2122 libellus
449 2087 592 2134 ,catull
617 2085 678 2121 68’
709 2087 855 2132 Dorpati
881 2087 915 2122 h.
943 2099 972 2122 a.
999 2088 1064 2129 ed.,
1099 2099 1200 2133 quem
1232 2088 1267 2122 in
1293 2088 1450 2131 catalogo
1476 2087 1646 2132 Lipsiensi
1676 2087 1908 2133 ‘Allyemeine

278 2147 560 2191 Biblioyraphie
593 2146 656 2189 fiir
681 2144 952 2181 Deutschlaud'
996 2158 1029 2192 p.
1058 2147 1124 2181 137
1164 2147 1354 2181 indicatum
1388 2147 1513 2180 inveni.
1563 2146 1630 2180 Sed
1661 2146 1691 2180 is
1724 2157 1833 2192 usque
1865 2146 1909 2181 ad

278 2207 372 2240 hunc
398 2206 487 2240 diem
513 2206 585 2249 (12.
614 2206 647 2240 d.
674 2217 781 2240 mens.
803 2206 924 2248 Mart.)
949 2206 983 2239 in
1010 2217 1134 2240 manus
1159 2217 1252 2240 meas
1278 2205 1430 2239 nondum
1455 2205 1622 2250 pervenit.
1672 2205 1827 2240 Alterius
1852 2216 1910 2240 no-

280 2265 399 2299 titiam
425 2265 566 2298 Henrici
586 2264 689 2298 Keilii
715 2265 859 2298 comitas
885 2264 969 2298 mihi
994 2264 1166 2310 praebuit.
1204 2265 1380 2298 Indicibus
1407 2265 1498 2298 enim
1516 2264 1596 2298 lect.
1622 2266 1709 2298 aest.
1730 2264 1908 2309 Mai-purg.

278 2323 384 2357 huius
411 2324 491 2357 anni
517 2323 580 2357 Th.
602 2323 680 2357 Birt
706 2323 1025 2357 commentariolum
1050 2323 1230 2368 praemiSit
1261 2323 1318 2368 ‘de
1332 2322 1463 2358 Catulli
1482 2322 1525 2356 ad
1544 2323 1702 2356 Mallium
1728 2320 1908 2367 epistula'‚

279 2383 312 2417 in
342 2394 408 2427 quo
434 2383 524 2416 viam
550 2394 569 2416 a
595 2385 715 2416 nostra
747 2382 849 2427 plane
875 2382 1044 2416 diversam
1070 2382 1247 2426 ingressus
1273 2385 1338 2416 est.
1388 2382 1521 2425 Legaut
1554 2382 1620 2426 ipsi
1645 2380 1775 2416 Catulli
1805 2392 1912 2427 ‘ama-

280 2439 389 2475 tores'
420 2453 507 2486 quae
541 2442 589 2475 ibi
622 2453 662 2475 ex
696 2453 734 2476 eo
766 2441 1068 2486 interpretationis
1102 2453 1226 2485 genere
1252 2441 1492 2486 proferuntur,
1528 2440 1619 2485 quod
1653 2451 1757 2485 supra
1782 2451 1814 2485 p.
1844 2440 1910 2475 100

280 2500 482 2544 significavi.
533 2500 654 2545 Neque
680 2512 757 2535 vero
779 2501 937 2546 equidem
963 2511 1081 2534 recuso
1107 2500 1195 2534 illud
1221 2500 1325 2534 Birtii
1352 2500 1374 2534 l.
1402 2511 1428 2534 c.
1456 2511 1489 2544 p.
1511 2500 1550 2534 9:
1581 2499 1669 2545 ,Veri
1696 2499 1913 2533 dissimilitu-

279 2559 394 2593 dinem
420 2560 593 2605 praeferat
619 2560 730 2594 euicui
756 2557 937 2605 placebit².
