2013 3223
1051 136 1197 193 106—

278 255 515 309 ticipiorum
548 270 644 305 usu,
680 270 785 309 quae
818 271 897 299 non
924 259 976 298 ad
1009 259 1216 300 actionem
1249 260 1434 311 aliquam
1457 272 1747 313 praegressam
1779 261 1908 314 perti-

278 328 392 375 nent,
426 327 498 368 sed
532 328 830 368 adiectivorum
864 329 974 369 vices
1009 331 1167 370 tenent.
1229 329 1353 371 Hunc
1385 330 1515 383 igitur

544 429 580 437 ..
612 411 746 449 neque
776 401 925 439 sancta
968 398 1110 440 Venus
1141 399 1258 440 molli
1290 401 1545 452 requiescere
1576 413 1718 442 somno

631 468 857 510 Desertum
888 469 937 509 ‘iu
969 469 1067 511 lecto
1099 469 1256 511 caelibe
1281 472 1532 522 perpetitur,

275 550 410 590 neque
433 541 572 579 mente
608 540 729 580 anxia
750 540 1072 592 pervigilantem
1096 544 1286 582 veterum
1310 543 1561 596 scriptorum
1592 543 1738 584 Musae
1772 543 1906 584 oblec-

276 611 380 649 tant.
442 609 663 662 Negantur
706 611 817 651 enim
863 613 975 652 totae
1008 612 1105 653 illae
1141 612 1415 661 condiciones,
1450 626 1556 665 quae
1589 614 1788 655 membris
1821 614 1904 655 illis

274 680 384 720 inter
423 693 466 721 se
508 682 748 734 compositis
791 682 1109 730 describuntur;
1158 683 1208 724 de
1249 684 1314 724 his
1353 684 1482 736 igitur
1515 685 1823 726 condicionibus
1856 686 1905 726 ut

276 751 569 791 consolationis
588 751 775 793 fontibus
793 752 836 793 in
852 753 929 794 hoc
947 753 1115 794 homine
1135 754 1308 806 cogitari
1324 767 1407 795 non
1424 767 1546 808 posse
1564 755 1718 796 Malius
1737 755 1902 802 Catullo

274 822 452 875 scripsit.
496 822 743 864 Coniunctio
768 825 911 865 autem
937 816 1074 886 tcurn’
1102 825 1144 865 in
1169 838 1203 865 v.
1228 831 1250 866 8
1287 825 1463 866 eandem
1486 826 1571 866 vim
1604 826 1742 873 habet,
1775 838 1904 878 quam

274 905 402 945 supra
434 893 476 933 in
509 906 541 934 c.
564 893 683 934 LXII
715 899 783 936 46.
808 900 858 936 57
895 896 1226 948 explanavimus,
1260 898 1308 937 ut
1339 897 1409 937 ille
1442 896 1728 950 pervigilando
1761 898 1902 938 mente

272 976 369 1005 cum
402 965 524 1005 anxia
556 965 711 1006 talibus
745 966 1000 1007 carminibus
1034 980 1116 1007 non
1141 967 1341 1008 oblectari
1374 968 1557 1015 dicatur;
1590 980 1689 1008 nam
1713 967 1765 1008 ad
1786 968 1902 1021 prius

271 1036 510 1076 membrum
543 1050 578 1076 v.
613 1042 649 1076 5.
686 1042 708 1077 6
744 1036 784 1077 id
818 1037 1086 1078 enuntiatum
1128 1051 1202 1091 per
1239 1029 1373 1100 ‘cum'
1412 1038 1620 1079 adnexum
1662 1051 1743 1079 non
1778 1039 1903 1079 simul

270 1107 464 1159 pertinet.
530 1106 834 1148 Similis-enim
867 1109 1051 1149 condicio
1085 1109 1280 1158 efficiens.
1315 1122 1420 1161 quae
1454 1110 1519 1150 hic
1552 1122 1625 1162 per
1659 1103 1794 1171 ‘cum'
1832 1109 1904 1150 ad-

271 1177 396 1218 ditur.
428 1178 483 1218 ibi
516 1180 689 1218 notatur
721 1191 794 1231 per
826 1191 914 1219 rem
949 1180 1203 1220 attributam
1239 1181 1301 1241 ‘in
1334 1181 1441 1221 lecto
1476 1173 1668 1221 caelibe'.

389 1248 581 1289 Hominis
616 1250 759 1290 autem
792 1252 913 1290 tanta
946 1250 1188 1291 calamitate
1222 1250 1366 1291 afflicti
1398 1263 1517 1292 mens
1551 1251 1687 1291 anxia
1720 1254 1783 1292 est
1815 1251 1839 1291 i.
1869 1264 1901 1292 e.

273 1330 466 1379 (versans
490 1319 531 1359 in
555 1311 802 1372 angoribus'
829 1321 1027 1374 (Baehr.).
1062 1322 1198 1373 qualis
1230 1321 1481 1362 describitur
1503 1321 1684 1363 Ariadne
1708 1335 1739 1363 c.
1762 1321 1899 1362 LXIV

272 1394 354 1431 203
400 1390 440 1429 in
483 1402 552 1430 ora
595 1392 713 1431 vasta
756 1391 913 1444 perfide
955 1391 1142 1433 deserta.
1187 1393 1461 1454 csupplicium
1497 1394 1632 1434 saevis
1675 1405 1900 1446 exposcens

270 1460 391 1501 anxia
430 1459 573 1501 factis’
619 1464 660 1502 et
708 1462 864 1523 (inops,
906 1462 1078 1506 ardens.
1122 1464 1279 1504 amenti
1321 1476 1443 1504 caeca
1486 1456 1645 1504 furore'
1691 1464 1899 1516 querellas

268 1530 460 1575 fundens.
494 1532 666 1572 deorum
699 1532 825 1573 fidem
858 1536 899 1574 et
933 1534 1136 1575 ultionem
1161 1547 1384 1587 exposcens
1419 1534 1466 1575 cf.
1490 1548 1525 1574 r.
1554 1539 1632 1576 196
1647 1547 1707 1587 sq.
1744 1540 1824 1576 190
1840 1546 1899 1587 sq.

388 1674 466 1715 Sed
503 1687 576 1715 cur
609 1675 684 1714 has
717 1675 828 1728 ipsas
862 1675 966 1716 duas
1011 1675 1272 1716 condiciones
1304 1677 1459 1717 Malius
1492 1676 1723 1717 nominavit
1755 1676 1797 1716 in
1829 1688 1900 1729 pe-

267 1745 414 1785 titione
469 1747 577 1785 sua‘?
652 1744 760 1796 Quid
817 1746 927 1798 quod
981 1759 1001 1787 e
1055 1747 1204 1799 prioris
1257 1748 1369 1788 illius
1419 1747 1669 1788 condicionis
1718 1759 1900 1788 comme-

266 1816 520 1864 moratione,
565 1817 745 1869 coniugii
777 1817 907 1858 beati.
942 1818 1087 1858 statim
1121 1819 1303 1859 eminere
1338 1818 1502 1859 videtur
1534 1831 1698 1859 morum
1730 1818 1801 1858 illa
1835 1830 1899 1859 se-

266 1887 441 1935 veritas,
495 1899 622 1939 quam
664 1887 856 1929 Yeronae
897 1901 1062 1941 quoque
1106 1902 1196 1930 esse
1239 1890 1281 1929 in
1322 1903 1358 1929 v.
1403 1895 1592 1931 27—30
1636 1889 1898 1942 significabat

267 1957 423 1998 Malius
456 1958 497 1998 in
531 1958 685 1999 litteris
719 1959 806 1999 suis
830 1960 871 2000 et
894 1972 1022 2011 quam
1058 1962 1147 2000 tota
1180 1960 1253 2001 illa
1283 1960 1433 2001 Italiae
1469 1961 1693 2014 superioris
1716 1960 1896 2012 regione,

266 2029 336 2068 ubi
368 2029 523 2069 Malius
571 2029 787 2070 habitasse
836 2030 1002 2071 videtur
1044 2031 1230 2083 itemque
1278 2031 1404 2072 huius
1447 2032 1605 2072 amicus
1646 2031 1896 2083 incognitus,

265 2098 394 2140 fuisse
429 2100 624 2141 credibile
659 2103 733 2141 est.
797 2101 858 2141 De
884 2101 1024 2141 Brixia
1047 2101 1210 2142 Plinius
1243 2103 1533 2143 testimonium
1565 2102 1737 2155 praebet
1768 2102 1811 2142 in
1835 2114 1895 2155 ep.

264 2170 285 2210 Ι
307 2176 357 2210 14
392 2170 441 2211 cf.
463 2171 734 2212 Friedlander
765 2172 812 2212 1⁶
845 2185 882 2225 p.
906 2178 1002 2214 462.
1047 2172 1313 2225 Omninoque
1335 2173 1483 2214 Italiae
1518 2173 1741 2226 superioris
1771 2173 1894 2214 urbes

264 2253 430 2282 morum
463 2243 733 2296 simplicitate
767 2246 809 2284 et
843 2244 1066 2285 severitate
1101 2246 1222 2285 notas
1255 2244 1384 2285 fuisse
1418 2245 1720 2285 commemorat
1751 2243 1894 2284 Fried-

263 2311 409 2354 lauder
439 2313 485 2353 Ι6
518 2327 555 2367 p.
590 2320 656 2356 27.

382 2384 470 2426 Nec
501 2386 636 2437 magis
672 2386 805 2426 altera
838 2386 1035 2434 condicio,
1069 2398 1175 2439 quae
1209 2386 1260 2427 ad
1292 2387 1435 2440 poesin
1467 2387 1661 2440 pertinet,
1694 2387 1745 2427 ab
1768 2386 1893 2426 huius

264 2455 444 2507 regionis
484 2457 600 2497 cultu
640 2457 941 2509 hominumque
984 2458 1055 2510 qui
1087 2457 1142 2498 ibi
1174 2458 1424 2498 habitabant
1459 2448 1787 2520 (venustiorum'
1825 2469 1895 2498 vo-

263 2526 496 2567 luntatibus
537 2527 773 2580 studiisque
817 2528 1046 2569 abhorrens
1089 2530 1164 2569 aut
1207 2529 1343 2569 aliena
1382 2529 1514 2569 rideri
1555 2530 1704 2582 potest.
1782 2527 1893 2568 Nam

262 2595 359 2637 inde
393 2609 440 2637 ea
474 2599 611 2639 aetate
645 2599 741 2639 novi
772 2601 919 2652 poetae
949 2599 1223 2652 hominesque
1246 2600 1486 2641 litterarum
1519 2599 1658 2653 cupidi
1680 2599 1721 2639 in
1744 2599 1893 2640 urbem

262 2670 475 2714 venerant,
510 2671 557 2709 ut
588 2669 644 2709 M.
676 2670 828 2710 Furius
861 2670 1090 2712 Bibaculus
1124 2672 1166 2712 et
1198 2669 1429 2721 Quintilius
1463 2670 1603 2711 Varus
1637 2669 1890 2712 Cremonen-

262 2750 340 2787 ses,
373 2738 591 2780 Cornelius
624 2740 763 2794 Nepos
801 2741 923 2802 (Padi
946 2735 1120 2790 accola',
1153 2741 1350 2782 Valerius
1375 2741 1490 2790 Cato,
1527 2741 1618 2803 tqui
1651 2741 1764 2781 solus
1787 2740 1890 2793 legit

262 2821 310 2851 ac
341 2809 439 2851 fecit
470 2803 651 2863 poetas'.
685 2811 878 2853 Catullus
912 2812 1178 2855 Veronensis.
1212 2813 1280 2853 alii
1313 2814 1475 2866 postea,
1509 2814 1556 2853 ut
1590 2824 1638 2852 ex
1670 2811 1742 2852 illa
1775 2813 1889 2852 terra.
