2013 3223
899 145 952 182 55

92 264 203 309 ‘Sed
234 267 423 308 habitare
454 267 512 308 ibi
541 267 584 307 in
618 267 724 309 Oeta
755 267 969 321 Hesperus
1011 270 1054 309 et
1091 268 1203 309 Eous
1242 281 1390 322 nempe
1433 264 1526 309 tum
1567 269 1740 310 demum

117 337 407 386 credebantur,
439 349 535 378 cum
566 338 690 389 vulgo
723 338 938 390 cognitum
972 340 1084 379 esset
1113 338 1226 379 idem
1258 350 1348 379 esse
1383 339 1511 379 sidus.

236 477 364 518 Porro
395 476 569 517 abstulit
599 477 715 526 illud,
748 477 858 529 quod
880 478 1185 531 interpretatur
1206 478 1422 519 Baehrens
1444 491 1517 531 per
1544 470 1739 540 (rapuit',

116 548 234 588 nullo
265 547 387 588 modo
420 548 589 600 rapinae
623 548 799 588 alicuius
831 560 991 588 morem
1021 548 1064 588 in
1091 548 1249 600 nuptiis
1272 548 1471 588 Romanis
1505 548 1739 600 antiquitus

117 618 326 658 usitatum
378 618 609 669 significare
661 619 819 670 potest,
874 618 983 670 quod
1034 618 1250 658 Baehrens
1302 618 1555 670 persuadere
1609 618 1735 671 cupit.

119 688 230 728 Nam
261 688 426 728 nullum
470 688 558 728 eius
600 688 727 728 moris
767 688 993 740 vestigium
1030 688 1074 728 in
1114 688 1381 740 responsione
1422 688 1623 728 iuvenum
1663 688 1742 729 im-

117 770 312 811 pressum
345 759 421 807 est,
455 758 565 810 quod
596 758 756 799 factum
789 760 921 807 esset,
954 758 989 798 si
1029 758 1113 798 tale
1157 758 1316 810 aliquid
1358 770 1382 798 a
1422 758 1573 811 puellis
1614 758 1743 810 signi-

116 828 291 869 ficatum
322 828 483 869 fuisset.

239 898 321 940 Sed
352 899 396 939 in
427 911 551 939 versu
580 903 632 940 32
667 898 789 938 lectio
821 898 864 937 in
895 898 1088 938 omnibus
1119 898 1369 938 editionibus
1392 900 1561 951 recepta
1583 911 1741 950 aequa-

117 968 177 1009 les
226 970 337 1010 stare
382 981 467 1010 non
520 970 680 1021 potest,
722 968 772 1008 de
823 980 906 1020 qua
956 968 1131 1008 lectione
1180 968 1283 1008 item
1323 968 1584 1009 Pleitnerum
1629 969 1654 1009 1.
1708 981 1742 1009 0.

117 1052 156 1093 p.
211 1044 263 1081 68
308 1039 522 1080 dubitasse
574 1038 756 1090 cognovi.
837 1037 919 1079 Sed
967 1038 1251 1078 coniecturam
1309 1038 1398 1078 eius
1455 1038 1601 1079 afferre
1658 1051 1741 1079 non

118 1110 282 1150 attinet.

234 1180 296 1220 Ac
325 1179 510 1232 primum
542 1178 711 1231 quidem
743 1191 816 1231 per
848 1190 992 1219 omnes
1024 1178 1101 1218 has
1135 1179 1328 1231 strophas
1372 1180 1414 1219 et
1455 1179 1739 1232 antistrophas

115 1249 269 1302 quibus
300 1250 538 1302 puellarum
570 1252 612 1290 et
652 1249 851 1289 iuvenum
883 1261 1030 1300 greges
1072 1249 1182 1289 inter
1224 1261 1267 1289 se
1310 1249 1522 1301 utrimque
1565 1250 1741 1299 certant,

114 1332 326 1372 nusquam
358 1320 455 1361 talis
489 1320 683 1360 allocutio
717 1320 889 1360 alterius
922 1319 1058 1359 utrius
1092 1319 1205 1359 chori
1238 1319 1290 1360 ad
1323 1321 1457 1360 totam
1499 1332 1620 1360 suam
1651 1322 1742 1360 tur-

117 1391 217 1432 bam
248 1390 361 1431 facta
393 1392 531 1431 exstat
562 1391 811 1442 omninoque
844 1390 924 1430 hac
955 1390 1046 1442 ipsa
1068 1389 1117 1430 de
1141 1401 1267 1430 causa
1299 1390 1366 1430 hic
1393 1389 1505 1430 facta
1537 1402 1627 1430 esse
1659 1402 1742 1431 non

113 1463 266 1514 potest.
327 1461 447 1501 Idem
480 1460 778 1501 animadvertit
808 1460 994 1500 Pleitner
1026 1460 1049 1500 l.
1084 1473 1128 1509 c.‚
1161 1461 1279 1500 cuius
1322 1460 1447 1501 verba
1488 1472 1639 1513 parum
1680 1460 1742 1500 di-

115 1531 255 1572 lucida
290 1531 394 1572 haec
435 1533 558 1572 sunt:
609 1529 691 1570 alle
740 1530 830 1570 εἶναι’
869 1528 1214 1581 Strophenpaare
1257 1529 1322 1570 als
1363 1530 1432 1570 eiu
1477 1543 1740 1571 zusammen-

114 1601 327 1654 9ehdriyes
369 1600 537 1642 Ganzes
584 1600 900 1641 untersckeiclen
940 1599 1030 1640 sich
1071 1600 1144 1640 cler
1187 1599 1469 1652 Darstelluuy
1508 1600 1636 1649 uach,
1677 1600 1741 1641 bc-

113 1671 289 1713 souders
319 1672 368 1711 iu
399 1671 478 1712 deu
507 1671 854 1723 Ausanysverseu
885 1670 1031 1721 scharf
1059 1683 1138 1710 von
1171 1670 1251 1710 den
1282 1670 1457 1723 ilbriyeu
1489 1670 1618 1712 ilmcn
1649 1683 1742 1711 vor-

115 1741 405 1794 ausyehenden
434 1741 525 1782 und
553 1740 882 1793 nachfolyeuden
923 1739 1132 1792 Strophcn
1163 1773 1171 1781 .
1205 1773 1214 1781 .
1247 1773 1255 1781 .
1289 1741 1363 1782 der
1402 1741 1495 1782 eine
1533 1741 1743 1782 erkaltene

116 1811 410 1864 Aufanysvers
442 1812 520 1865 [=
551 1825 586 1853 v.
621 1812 695 1864 32]
735 1811 893 1851 stimmt
932 1811 981 1854 iu
1021 1811 1297 1852 sonderbarer
1337 1810 1475 1853 Weise
1507 1811 1580 1852 der
1611 1811 1741 1853 Form

114 1881 225 1923 uach
255 1882 332 1922 mit
361 1895 396 1922 v.
428 1884 480 1921 11
511 1882 683 1923 uberem
715 1881 847 1923 durch
886 1882 979 1923 sein
1019 1881 1227 1933 aequales.
1271 1906 1324 1911 --
1367 1881 1478 1933 Quid
1523 1895 1620 1935 ergo
1663 1883 1742 1923 sibi

116 1953 209 1993 vult
239 1953 453 1994 vocativus
486 1951 682 2004 aequales
713 1953 791 1993 hoc
822 1953 942 1993 loco?

234 2023 407 2064 Accedit
447 2023 561 2063 aliud
603 2023 813 2075 quiddam.
875 2023 927 2063 In
966 2023 1099 2075 primo
1142 2024 1184 2062 et
1221 2022 1261 2062 in
1305 2023 1430 2063 tertio
1472 2023 1742 2076 stropharum

115 2093 208 2146 pari
240 2093 328 2134 eius
361 2094 596 2134 sententiae
630 2094 850 2147 expositio,
885 2105 990 2145 quae
1032 2105 1106 2146 per
1147 2093 1378 2134 contrarias
1419 2093 1658 2146 puellarum
1699 2095 1742 2135 et

114 2163 316 2204 iuvenum
358 2165 614 2205 certantium
654 2165 892 2205 voluntates
940 2164 983 2203 in
1023 2163 1210 2204 diversas
1256 2164 1305 2203 fit
1350 2165 1494 2216 partes
1543 2165 1585 2204 et
1634 2176 1740 2216 quae

115 2235 283 2275 constat
314 2235 356 2274 in
389 2235 560 2275 crimine
594 2235 733 2287 aliquo
774 2234 1038 2288 proferendo,
1081 2234 1191 2286 quod
1235 2234 1285 2274 ab
1327 2234 1459 2275 altera
1497 2237 1617 2288 parte
1660 2235 1743 2275 ele-

115 2306 261 2354 vatur,
302 2317 466 2357 semper
512 2305 713 2358 temporis
763 2306 829 2346 vel
867 2317 1009 2345 rerum
1052 2306 1189 2345 certas
1232 2304 1438 2356 quasdam
1480 2304 1741 2345 condiciones

115 2375 206 2416 eius
241 2376 485 2424 sententiae,
519 2388 626 2428 quae
658 2375 867 2429 profertur
900 2376 950 2416 ab
985 2375 1117 2415 altera
1149 2377 1246 2415 utra
1277 2376 1416 2428 parte,
1448 2375 1576 2416 habet
1615 2375 1742 2415 simul

115 2458 346 2499 expressas,
368 2447 548 2487 maxime
576 2458 650 2499 per
671 2446 980 2487 coniunctiones
1005 2445 1197 2494 adnexas,
1221 2457 1327 2497 quae
1349 2445 1392 2486 in
1414 2445 1514 2486 locis
1537 2445 1741 2497 cuiusque

116 2517 312 2569 strophae
350 2517 460 2557 inter
501 2529 544 2557 se
587 2519 781 2558 accurate
821 2516 1170 2570 respondentibus
1212 2528 1261 2556 ex
1301 2516 1474 2557 adverso
1515 2518 1741 2568 ponuntur.

115 2586 248 2627 Velut
278 2587 322 2627 in
353 2587 504 2627 tertiae
536 2587 732 2640 strophae
766 2599 889 2628 versu
922 2588 1037 2627 sexto
1070 2588 1144 2640 (=
1177 2586 1250 2639 43)
1291 2610 1346 2614 ——
1386 2598 1486 2627 nam
1528 2588 1742 2638 quartum,

114 2669 199 2698 non
232 2657 374 2706 alium,
406 2657 667 2699 intercidisse
701 2660 866 2699 constat
898 2682 951 2687 —
986 2659 1028 2698 et
1059 2669 1166 2698 nono
1208 2658 1282 2710 (=
1319 2657 1392 2710 46)
1433 2669 1507 2710 per
1547 2669 1656 2706 cum,
1697 2657 1741 2697 in

115 2727 404 2781 antistrophae
437 2728 626 2769 versibus
668 2729 847 2770 eundem
889 2728 1044 2769 ordinis
1084 2728 1224 2768 locum
1264 2728 1518 2768 habentibus
1558 2728 1582 2768 i.
1624 2740 1656 2768 e.
1698 2729 1742 2768 in

116 2809 240 2839 versu
274 2803 327 2840 54
360 2810 433 2852 per
473 2798 512 2838 si
551 2801 594 2839 et
633 2799 675 2839 in
717 2811 841 2840 versu
885 2803 936 2840 57
979 2810 1052 2851 per
1091 2810 1185 2838 cum
1225 2798 1439 2838 adduntur
1479 2797 1739 2839 condiciones
