2013 3223
878 151 928 186 17

99 274 268 315 feminis
308 286 390 314 non
429 273 614 326 palmae,
656 273 729 313 sed
765 275 902 314 vestes
944 274 1138 326 vulgares
1176 274 1220 313 in
1261 274 1536 316 domesticum
1575 288 1716 316 usum.

101 344 189 384 Nec
221 344 506 396 significantur
541 336 847 405 (quasillariae'
864 375 873 392 ‚
907 344 1004 395 quia
1034 344 1076 384 id
1108 344 1356 385 vocabulum
1385 345 1598 398 proprium
1629 345 1715 387 fere

100 415 167 455 est
199 426 414 454 servarum
445 413 512 454 vel
543 414 791 454 ancillarum
811 414 938 454 nendi
961 427 1062 467 opus
1085 415 1366 455 exercentium
1399 415 1466 468 (cf.
1492 415 1543 456 H.
1569 416 1716 456 Blum-

98 496 175 525 ner
205 484 231 524 1.
264 497 296 525 c.
326 484 348 524 1
377 497 416 537 p.
451 489 532 525 107
545 496 605 536 sq.
640 488 735 533 108,
770 484 822 536 6),
856 484 928 525 sed
959 485 1123 537 puellae
1154 485 1334 526 rusticae
1367 486 1409 526 et
1440 485 1658 538 ingenuae.

220 553 349 594 Porro
382 553 431 594 de
467 555 584 614 ⁴toga
614 545 745 606 picta'
782 556 823 594 et
856 554 906 595 de
943 555 1101 616 ctunica
1123 546 1324 607 palmata'
1361 555 1534 608 cogitari
1554 557 1716 608 nequit.

98 625 263 665 Docent
305 624 473 676 quidem
504 624 630 664 verba
660 624 775 665 Festi
805 637 842 677 p.
877 629 997 673 209³,
1032 630 1085 666 23
1117 625 1243 666 haec:
1276 625 1422 666 tunica
1453 627 1591 666 autem
1614 625 1716 677 pal-

98 696 219 735 mata
240 708 268 734 a
290 693 515 734 latitudine
545 693 758 734 clavorum
781 694 1006 744 dicebatur,
1040 708 1148 746 quae
1177 708 1290 735 nunc
1311 709 1339 736 a
1357 708 1504 748 ywere
1520 696 1718 748 picturae

99 764 345 817 appellatur
372 765 560 806 tunicam
591 765 707 805 illam
737 766 975 818 palmarum
1006 766 1136 818 signis
1169 768 1361 807 ornatam
1392 766 1534 817 fuisse,
1573 769 1718 808 tamen

100 848 247 877 eorum
285 836 632 876 vestimentorum
670 848 772 876 usus
814 838 902 876 tam
943 836 1166 888 singularis
1199 836 1299 885 fuit,
1342 838 1391 877 ut
1423 837 1510 877 eius
1544 839 1717 878 ornatus

101 918 170 947 ars
205 906 256 946 ad
298 905 453 947 Catulli
492 906 630 946 locum
672 918 755 946 non
793 906 1012 958 pertineat.
1081 906 1191 947 Iovis
1225 907 1335 947 enim
1372 907 1452 947 fuit
1491 908 1560 949 ille
1599 921 1720 949 orna-

101 978 192 1025 tus,
241 989 320 1028 quo
363 976 671 1028 triumphantes
712 976 904 1016 honorari
945 976 1134 1016 solebant
1175 976 1240 1029 (cf.
1271 977 1358 1017 Liv.
1390 977 1429 1018 X
1477 983 1521 1027 7,
1562 984 1598 1020 9.
1633 978 1719 1031 10),

102 1046 176 1087 sed
218 1046 452 1087 Gordianus
493 1046 525 1085 I.
569 1045 737 1085 demum
781 1044 1016 1096 palmatam
1063 1046 1253 1086 tunicam
1299 1049 1337 1087 et
1381 1050 1517 1099 toyam
1554 1048 1720 1099 pictam

95 1116 268 1167 primas
306 1115 597 1156 Romanorum
635 1115 833 1166 privatus
871 1129 994 1156 suam
1031 1116 1253 1167 propriam
1285 1116 1454 1167 habuit,
1496 1131 1588 1158 cum
1620 1121 1720 1160 ante

102 1185 376 1237 imperatores
399 1185 526 1225 etiam
546 1184 609 1225 vel
630 1185 678 1225 de
705 1184 912 1236 Capitolio
934 1186 1169 1237 acciperent
1189 1186 1254 1228 vel
1274 1187 1322 1228 de
1336 1186 1509 1229 Palatio
1527 1189 1593 1242 (cf.
1617 1189 1721 1230 Gor-

102 1256 217 1296 diani
249 1261 286 1296 4.
318 1256 356 1297 J.
388 1255 650 1308 Marquardt,
681 1255 921 1297 Handbuch
953 1256 1026 1297 der
1058 1260 1157 1297 ro'm.
1189 1257 1364 1298 Altertle.
1391 1259 1457 1299 ΙΠ
1479 1264 1515 1308 2,
1543 1273 1581 1312 p.
1610 1265 1718 1307 448;

101 1325 223 1366 Rom.
273 1324 591 1366 Privatalterth.
635 1326 680 1366 Π
734 1339 772 1379 p.
825 1332 978 1368 150—
1000 1328 1113 1380 152).
1191 1327 1454 1381 Omninoque
1512 1342 1578 1370 ars
1641 1343 1720 1372 acu

101 1396 299 1449 pingendi
331 1396 415 1437 sive
448 1396 641 1437 insuendi
674 1397 783 1449 apud
811 1397 1020 1438 Romanos
1053 1411 1136 1438 non
1167 1398 1248 1439 fuit
1279 1399 1321 1439 in
1344 1401 1554 1440 communi
1578 1401 1717 1453 aliquo

102 1479 280 1507 uxorum
310 1467 630 1519 puellarumque
663 1479 761 1515 usu,
795 1468 903 1519 quod
943 1468 1054 1508 idem
1096 1468 1144 1509 de
1176 1470 1359 1521 Augusti
1401 1471 1537 1511 aetate
1578 1470 1721 1512 firmat

103 1537 354 1577 testimoniis
385 1537 654 1577 Friedlander
692 1537 730 1577 1⁶
768 1551 805 1590 p.
838 1544 921 1580 456
936 1551 1014 1590 sq,
1048 1538 1119 1579 sed
1165 1540 1215 1579 ab
1256 1540 1333 1580 hoc
1373 1542 1567 1593 separata
1607 1553 1722 1582 exer-

101 1607 275 1648 cebatur
323 1608 396 1647 aut
438 1619 462 1648 a
513 1608 636 1648 certis
689 1608 940 1659 quibusdam
987 1609 1205 1650 hominum
1261 1611 1480 1662 generibus
1538 1612 1654 1652 velut
1695 1625 1719 1652 a

105 1668 453 1738 ‘phrygionibus'
491 1678 562 1730 qui
593 1680 795 1719 vocantur
827 1681 868 1720 et
904 1672 1161 1739 ‘plumariis’
1199 1683 1271 1721 aut
1303 1681 1354 1721 ab
1388 1681 1570 1730 ancillis,
1613 1694 1719 1734 quae

105 1747 275 1798 quidem
315 1759 407 1787 eam
447 1748 749 1800 profitebantur
793 1748 840 1789 cf.
881 1749 920 1790 J.
952 1750 1218 1802 Marquardt,
1250 1750 1369 1791 Ro'm.
1402 1749 1721 1794 Privatalterth.

103 1817 149 1857 Π
189 1830 228 1870 p.
272 1823 425 1869 149sq.
469 1823 710 1859 146—148.
762 1818 814 1858 Η.
846 1819 1048 1860 Blfimner
1088 1820 1112 1859 1.
1155 1833 1187 1861 c.
1226 1820 1248 1861 I
1287 1834 1324 1874 p.
1359 1826 1454 1863 209.
1497 1827 1601 1869 211;
1642 1823 1723 1864 loci

104 1889 249 1928 autem
282 1888 533 1941 scriptorum
565 1889 861 1937 Romanorum,
902 1889 944 1929 in
988 1891 1138 1942 quibus
1183 1903 1231 1931 ea
1273 1904 1339 1931 ars
1380 1892 1551 1944 eiusque
1595 1905 1721 1946 opera

102 1960 402 2007 memorantur,
436 1958 487 1999 ad
520 1958 776 2000 Graecorum
809 1960 1061 2012 orientisque
1095 1962 1228 2001 artem
1262 1963 1473 2014 spectant,
1515 1963 1625 2004 unde
1667 1964 1721 2005 ad

101 2028 315 2068 Romanos
348 2029 389 2068 id
423 2029 525 2069 artis
558 2041 688 2081 genus
722 2029 891 2070 demum
923 2033 1182 2083 pervenerat.

81 2149 83 2151 ι
221 2099 313 2139 Iam
345 2111 440 2140 vero
474 2111 494 2140 e
528 2100 663 2151 qualis
695 2100 836 2152 palma
868 2101 996 2141 etiam
1028 2101 1250 2142 intexendo
1285 2102 1424 2155 effingi
1455 2104 1612 2156 potuit,
1646 2104 1720 2145 sed

104 2181 154 2210 ea
190 2170 352 2210 textilia
394 2170 595 2210 varietate
636 2170 826 2211 liciorum
867 2171 1050 2223 effigiata
1091 2173 1175 2213 sive
1218 2173 1399 2224 sigillata
1439 2173 1463 2213 i.
1507 2186 1540 2214 e.
1579 2173 1721 2214 Bant—

106 2239 300 2280 wz'rkerei
337 2240 514 2280 maxime
556 2253 704 2292 graeca
742 2243 829 2282 arte
871 2242 1159 2283 efficiebantur
1198 2255 1274 2284 nec
1315 2256 1518 2296 umquam
1556 2245 1721 2298 vulgari

104 2310 248 2362 aliqua
278 2311 512 2363 puellarum
543 2311 609 2351 vel
640 2324 817 2352 uxorum
839 2312 1136 2353 Romanarum.
1184 2313 1290 2353 Eam
1313 2315 1447 2354 artem
1479 2327 1528 2355 ex
1561 2316 1719 2357 oriente

44 2432 51 2438 ⁴
104 2382 341 2433 acceptam,
378 2380 420 2421 id
459 2381 568 2433 quod
608 2381 838 2434 figurarum
891 2395 1055 2435 quoque
1094 2384 1350 2425 intextarum
1403 2397 1556 2437 genera
1605 2398 1722 2427 coar-

104 2452 254 2502 guunt,
285 2451 368 2491 iam
399 2451 630 2493 Homericis
672 2454 928 2506 temporibus
971 2454 1148 2494 feminae
1193 2455 1421 2503 callebant,
1468 2457 1516 2496 ut
1558 2455 1722 2497 Helena

108 2522 148 2559 Γ
178 2525 259 2562 125
274 2533 333 2572 sq.
363 2519 497 2574 μέγαν
529 2519 644 2563 ἱστὸν
674 2523 860 2578 ὕφαινεν,
894 2556 902 2563 .
930 2556 938 2563 .
974 2522 1136 2572 πολέας
1176 2516 1219 2565 δ’
1264 2522 1496 2566 ἐνέπασσεν
1534 2524 1722 2576 ἀέθλους

114 2588 269 2643 Τρώων
300 2581 354 2630 θ’
390 2587 653 2644 ἱπποδάμων
683 2591 758 2633 καὶ
777 2585 962 2644 Ἀχαιῶν
990 2593 1310 2645 χαλκοχιτώνων
1353 2598 1397 2636 et
1428 2596 1719 2638 Andromache

105 2658 146 2699 X
178 2664 262 2700 440
277 2672 336 2712 sq.
370 2656 486 2702 ἱστὸν
514 2661 665 2717 ὕφαινε
694 2663 813 2718 μυχῷ
845 2663 976 2716 δόμου
1011 2663 1194 2719 ὑψηλοῖο
1233 2666 1273 2718 (i.
1297 2678 1330 2706 e.
1362 2666 1405 2706 in
1437 2667 1640 2719 thalamo)
1674 2699 1682 2707 .
1711 2699 1721 2707 .

107 2726 151 2769 ἐν
190 2728 237 2770 δὲ
277 2729 413 2784 θρόνα
454 2723 625 2772 ποικίλ’
659 2729 845 2774 ἔπασσεν
886 2733 934 2775 of.
966 2734 1017 2774 H.
1049 2734 1251 2776 Blslmner
1281 2736 1306 2776 l.
1349 2749 1380 2776 c.
1412 2737 1433 2777 I
1484 2750 1521 2790 p.
1564 2742 1644 2778 153
1659 2750 1721 2790 sq.

103 2799 276 2841 Eisdem
313 2803 457 2842 autem
497 2803 708 2844 vocabulis
751 2816 818 2844 ars
861 2806 902 2845 et
941 2805 1134 2846 insuendi
1175 2807 1217 2846 et
1256 2806 1468 2848 intexendi
1508 2808 1722 2848 variorum

179 2880 212 2905 W
222 2888 236 2906 e
245 2881 260 2906 b
270 2888 285 2906 e
294 2889 306 2907 r
315 2901 322 2912 ,
343 2881 534 2912 Qnaestiones
555 2883 744 2910 Catullianae.
1417 2877 1438 2910 ἱ)
