2013 3223
1053 134 1106 170 90

264 261 491 314 multiplici
524 260 796 313 explicatione
831 260 873 299 et
905 257 1195 310 descriptione.
1257 257 1397 308 Atque
1429 256 1507 296 hac
1546 256 1587 295 in
1629 268 1672 296 re
1713 255 1894 297 maxime

264 345 335 373 ars
361 331 554 384 Sapphus
579 331 763 371 cernitur
784 328 1137 381 incomparabilis,
1171 326 1281 379 quod
1312 326 1450 379 poesis
1483 326 1572 366 eius
1595 326 1762 366 divitias
1795 338 1894 367 suas

265 402 434 455 quaerit
465 414 547 442 non
582 413 602 441 e
635 400 878 453 patentibus
913 411 1156 451 camporum
1189 397 1460 450 aequoribus,
1503 396 1574 437 sed
1609 409 1629 437 e
1661 397 1750 438 loco
1791 397 1894 438 satis

264 474 463 524 angusto.
525 471 649 511 Vitae
683 470 813 522 igitur
846 470 977 522 ipsius
1000 469 1217 509 muliebris
1241 470 1397 509 sortem
1421 469 1462 508 et
1485 467 1780 516 condicionem,
1812 480 1895 508 non

264 543 534 594 singularum
571 541 798 581 mulierum
851 540 1037 593 privatas
1088 539 1293 591 quasdam
1347 540 1481 579 sortes
1524 540 1566 578 et
1605 538 1895 591 proprietates,

266 614 327 654 ita
368 625 442 666 per
481 624 624 653 omnes
669 611 824 663 gradus
866 610 1028 663 poetria
1069 610 1357 663 persequitur,
1404 611 1454 649 ut
1499 621 1573 662 per
1620 609 1722 649 artis
1762 609 1894 662 ipsius

266 684 519 724 varietatem
552 684 594 723 et
625 683 865 722 ubertatem
898 681 958 721 rei
1003 682 1210 721 tractatae
1250 681 1447 720 naturam
1497 681 1539 720 et
1581 679 1896 733 simplicitatem

266 754 384 795 miris
418 753 725 794 sententiarum
758 753 800 793 et
831 752 1065 803 imaginum
1098 751 1225 803 copiis
1265 762 1416 802 augere
1460 749 1670 798 videatur,
1705 762 1811 801 quae
1845 750 1896 790 ab

264 826 357 878 ipsa
390 824 518 865 animi
552 835 784 875 sensusque
816 822 995 863 veritate
1028 822 1279 874 repetuntur
1312 833 1560 873 semperque
1593 832 1696 873 puro
1729 820 1895 861 nativae

265 894 592 949 pulchritudinis
626 894 804 935 candore
837 894 991 934 lucent.
1053 894 1114 933 Ac
1146 892 1411 932 verissimum
1445 895 1520 939 est,
1554 890 1663 942 quod
1690 892 1737 931 A.
1760 890 1897 931 Bonin

265 967 292 1007 1.
326 979 358 1007 c.
391 980 428 1020 p.
463 972 486 1007 3
521 965 570 1006 de
613 964 780 1018 Sappho
824 964 949 1005 dixit:
992 962 1119 1003 deren
1153 961 1359 1014 poetisehe
1404 960 1742 1012 Offenbarmzyen
1782 960 1898 1002 nieht

265 1037 382 1078 mehr
412 1037 460 1077 in
491 1036 624 1077 ilerem
663 1048 827 1088 flamen
877 1033 1063 1086 Umfany
1105 1033 1356 1074 bewzmdern
1396 1045 1450 1073 zu
1491 1031 1673 1081 hannem,
1716 1030 1898 1072 bedeutet

260 1108 340 1160 fiir
371 1119 452 1148 uns
484 1106 584 1147 doeh
615 1106 720 1147 wohl
752 1106 831 1146 den
861 1104 1221 1146 sclzmerzlwlzsten
1263 1102 1441 1150 Verlust‚
1474 1102 1553 1143 den
1584 1102 1666 1142 wir
1705 1102 1781 1142 mit
1811 1100 1897 1142 Be-

262 1192 344 1231 zuy
378 1178 464 1230 auf
483 1176 737 1230 yrieclzisclze
767 1176 859 1216 und
888 1175 1090 1216 ramisohe
1122 1174 1361 1215 Litteratur
1392 1187 1445 1215 eu
1478 1173 1676 1225 belclayen
1707 1172 1851 1214 haben.

387 1249 548 1299 Quodsi
581 1247 867 1298 Quintilianus
901 1247 1043 1287 rhetor
1084 1247 1127 1286 in
1169 1246 1219 1286 iis
1262 1246 1452 1286 lectionis
1494 1244 1716 1296 generibus
1757 1256 1898 1284 recen-

264 1320 420 1369 sendis,
452 1332 561 1372 quae
589 1318 821 1370 praecipue
863 1317 1080 1358 convenire
1120 1315 1434 1356 intendentibus
1475 1317 1522 1355 ut
1563 1316 1748 1354 oratores
1787 1314 1899 1365 fiant

263 1391 500 1439 existimat,
533 1402 630 1430 cum
661 1389 843 1429 Pindaro
887 1391 928 1429 et
971 1388 1208 1429 Stesichoro
1249 1387 1451 1427 Alcaeum
1493 1398 1658 1438 quoque
1697 1386 1898 1434 nominat,

267 1462 339 1514 qui
373 1461 422 1501 in
463 1459 687 1512 eloquendo
728 1472 888 1511 quoque
921 1458 1056 1499 brevis
1087 1461 1125 1498 et
1156 1457 1406 1510 magym'ficus
1447 1459 1484 1496 et
1521 1456 1690 1497 (licendi
1729 1456 1772 1496 vi
1804 1455 1897 1507 ple-

265 1546 445 1584 rumque
477 1531 638 1572 oratori
669 1529 825 1571 similis
858 1531 913 1571 sit
946 1531 1001 1583 (X
1028 1536 1062 1576 1,
1088 1529 1171 1582 63),
1205 1531 1247 1569 et
1269 1528 1387 1569 addit
1409 1528 1458 1568 de
1492 1527 1637 1568 eodem
1669 1527 1794 1568 haec:
1827 1526 1900 1567 sed

262 1606 303 1644 et
335 1603 438 1643 lusit
469 1605 506 1643 et
538 1602 585 1642 in
617 1615 778 1642 amores
810 1600 1031 1649 descendit,
1064 1599 1299 1639 maioribus
1329 1602 1469 1639 tcmzen
1492 1598 1642 1649 aptior,
1676 1610 1803 1639 causa
1835 1600 1899 1639 est

266 1674 506 1722 manifesta,
539 1686 613 1714 cur
655 1672 850 1725 Sapphus
893 1672 1153 1712 mentionem
1194 1670 1445 1722 neglexerit,
1487 1669 1647 1710 scilicet
1685 1669 1784 1721 quia
1822 1681 1899 1710 nec

266 1746 472 1786 maximas
505 1757 571 1785 res
605 1745 774 1784 caneret
806 1755 882 1783 nec
914 1742 1053 1795 copias
1088 1741 1350 1793 eloquentiae
1385 1742 1504 1793 aptas
1543 1741 1783 1793 praeberet,
1825 1740 1898 1781 sed

264 1816 447 1869 simplici
480 1816 649 1856 tantum
681 1815 905 1855 venustate
940 1815 982 1854 et
1014 1813 1276 1854 iucunditate
1311 1811 1495 1864 quadam
1528 1824 1570 1852 se
1605 1811 1897 1852 commendare

266 1887 490 1928 videretur.

385 1957 506 1998 Hanc
530 1958 672 1998 autem
695 1956 980 1998 Catullianam
1005 1954 1201 2008 Sapphici
1225 1953 1484 2007 epithalamii
1507 1953 1899 2006 interpretationem

266 2028 510 2070 maturioris
556 2028 658 2068 artis
712 2027 831 2079 signa
873 2027 916 2067 in
958 2026 1157 2067 versuum
1200 2025 1387 2066 numeris
1430 2024 1583 2064 habere
1623 2024 1758 2064 Bonin
1798 2023 1823 2064 l.
1866 2036 1898 2064 c.

266 2113 305 2153 p.
342 2104 512 2140 13—16
548 2099 747 2152 ampliore
791 2097 1146 2138 demonstratione
1189 2097 1292 2137 satis
1331 2095 1536 2143 firmavit3
1578 2095 1762 2146 itemque
1803 2107 1900 2135 con-

265 2171 457 2224 spicuam
492 2182 581 2211 esse
615 2169 814 2210 orationis
846 2168 1141 2208 maturitatem
1174 2167 1364 2208 docuisse
1397 2166 1514 2206 nobis
1548 2165 1749 2206 videmur.

1042 2349 1114 2402 V.

388 2453 475 2494 Nec
507 2454 648 2493 minus
680 2454 944 2493 momentum
977 2452 1028 2492 ad
1062 2452 1150 2492 eius
1185 2451 1381 2491 carminis
1424 2450 1627 2502 originem
1670 2461 1900 2501 coarguen-

265 2524 366 2564 dam
398 2526 688 2565 metrorum
722 2523 843 2564 affert
875 2523 1181 2576 dispositio.

390 2595 571 2648 Stropha
613 2597 654 2636 et
697 2595 962 2647 antistropha
1004 2594 1140 2647 prima
1183 2594 1346 2634 constat
1390 2605 1410 2633 e
1451 2592 1513 2632 bis
1559 2592 1666 2632 binis
1709 2592 1898 2633 versibus

267 2667 341 2707 uni
374 2667 594 2718 utriusque
629 2667 742 2707 chori
774 2666 995 2718 interpreti
1027 2665 1183 2718 pariter
1216 2664 1474 2712 distributis,
1513 2663 1585 2715 qui
1617 2663 1841 2716 ephymnio
1874 2674 1893 2702 a

265 2737 432 2778 duobus
466 2738 601 2778 choris
635 2739 803 2778 cantato
837 2737 1130 2777 terminantur.
1189 2735 1414 2775 Adamavit
1447 2735 1549 2775 talia
1581 2734 1776 2774 binorum
1808 2745 1899 2773 ver-

266 2821 395 2849 suum
431 2809 674 2860 aequalium
708 2810 944 2861 systemata
979 2807 1158 2860 Sappho,
1193 2818 1297 2858 quae
1331 2806 1447 2846 libris
1480 2805 1523 2845 Π
1556 2807 1597 2846 et
1629 2804 1695 2845 ΙΠ
1727 2805 1899 2857 postera
