2013 3223
102 258 260 299 iterum
291 270 408 299 coma
439 258 554 311 regia
584 257 714 299 fieret.
775 257 843 298 Ita
866 257 1035 310 quidem
1069 257 1156 297 sine
1178 256 1266 296 ulla
1296 255 1466 307 reginae
1501 253 1726 294 offensione

104 328 146 369 id
179 328 314 381 cupit,
348 327 456 380 quod
479 340 629 381 cupere
656 327 790 377 debet,
822 328 872 367 ut
903 326 1048 367 redeat
1077 326 1120 366 in
1142 326 1354 374 verticem,
1387 325 1432 365 et
1462 323 1567 364 illud
1600 322 1727 363 simul

103 410 257 450 negare
288 398 430 451 potest
462 397 540 438 sibi
571 396 756 437 reditum
787 396 922 437 licere.
985 396 1040 436 Et
1072 395 1270 448 quoniam
1309 406 1383 448 per
1415 393 1727 435 coniunctivum

104 468 336 521 praesentis
376 467 576 520 temporis
619 478 667 507 ea
700 466 1009 519 significantur,
1052 477 1158 518 quae
1189 477 1273 505 non
1304 477 1403 505 vera
1435 465 1535 504 sunt
1565 475 1639 516 per
1671 474 1729 512 se,

107 537 179 579 sed
226 537 407 590 cogitata
451 538 620 577 tantum
669 537 711 577 et
756 536 855 577 ficta
900 537 1189 589 proponuntur
1237 534 1303 588 (cf.
1335 534 1512 575 Kiihner
1551 534 1576 573 1.
1609 545 1642 574 c.
1684 531 1730 572 H

105 620 143 661 p.
178 606 290 661 923),
321 607 500 647 traditae
532 606 722 648 lectionis
756 607 806 646 ut
837 617 914 659 par
946 606 1010 646 est
1040 605 1084 645 in
1117 604 1282 646 Catullo
1316 603 1501 656 apicibus
1534 602 1729 644 accurate

108 677 283 718 servatis
315 677 418 718 haec
448 677 553 717 mihi
585 676 725 718 evadit
757 675 1016 717 emendatio:

342 745 497 788 Sidera
527 748 714 788 cuncta
743 748 926 795 ruant,
957 744 1006 785 si
1037 744 1227 785 iterum
1259 755 1374 783 coma
1404 741 1524 795 reqia
1554 741 1682 793 fiam:

400 815 630 857 Proximus
661 815 907 869 Hydrochoi
938 813 1115 867 fulyeret
1151 813 1324 855 Oarion.

106 886 175 927 Ita
213 887 291 927 1100
334 887 443 940 quod
483 887 526 928 in
566 887 695 928 altero
736 899 860 927 versu
900 886 1143 926 nominatur
1184 884 1369 937 exemplo
1411 882 1515 923 illud
1566 878 1724 938 ⁴ruere’

109 958 203 1010 apte
236 957 496 1005 illustratum
533 953 789 1019 ‘ruentibus'
825 956 936 997 enim
969 955 1174 996 sideribus
1205 967 1282 995 nec
1309 956 1453 994 tamen
1490 951 1733 1009 ‘corruenti-

106 1025 203 1068 bus’
244 1027 370 1069 Orion
401 1028 519 1068 iuxta
549 1027 785 1080 Aquarium
817 1025 1032 1078 fulgurare
1064 1025 1229 1078 poterit.
1290 1023 1536 1076 Asyndeton
1578 1023 1733 1070 autem,

109 1098 231 1150 quale
271 1098 339 1138 1110
379 1098 535 1146 exstat,
575 1097 726 1137 talium
765 1096 945 1136 maxime
979 1095 1305 1143 sententiarum,
1348 1105 1455 1146 quae
1497 1094 1545 1133 ut
1576 1091 1642 1132 vel
1674 1090 1735 1131 rei

109 1167 259 1209 dictive
307 1168 483 1209 alicuius
530 1167 686 1208 veritas
728 1167 942 1207 sanciatur
980 1166 1045 1206 vel
1087 1167 1135 1206 ut
1175 1164 1333 1217 aliquid
1379 1163 1469 1204 fieri
1499 1172 1734 1213 numquam

107 1250 229 1291 posse
278 1238 574 1287 contendatur,
620 1237 785 1278 fictione
827 1237 967 1289 aliqua
1007 1236 1265 1276 mutationes
1308 1235 1348 1274 in
1390 1232 1547 1274 mundo
1590 1232 1735 1272 contra

109 1320 252 1349 rerum
290 1310 489 1349 naturam
532 1310 575 1348 et
615 1307 802 1348 ordinem
841 1307 975 1348 factas
1014 1318 1087 1360 per
1131 1304 1449 1346 similitudinem
1486 1302 1735 1356 proponunt,

109 1379 324 1432 proprium
365 1391 455 1419 esse
496 1378 562 1419 vel
610 1378 653 1418 hi
700 1378 779 1418 loci
820 1378 1021 1430 arguunt,
1071 1388 1172 1429 quos
1223 1375 1410 1416 afferam.
1480 1372 1736 1426 Propertius,

112 1448 213 1489 dum
246 1448 451 1502 Cynthiae
491 1448 709 1502 perfidiam
749 1448 969 1500 exprobrat
1008 1447 1265 1498 deorumque
1307 1445 1512 1485 ultionem
1544 1444 1737 1483 metuen-

111 1518 208 1560 dam
239 1519 442 1572 proponit,
474 1531 570 1559 cum
604 1518 731 1567 addit,
765 1517 903 1570 siquid
935 1517 1080 1558 durius
1115 1517 1151 1558 ei
1183 1515 1390 1564 acciderit,
1422 1515 1500 1555 hoc
1533 1525 1628 1554 cum
1661 1524 1738 1552 suo

110 1589 281 1630 vulnere
315 1591 356 1630 et
388 1589 526 1630 dolore
558 1589 659 1638 fieri,
690 1601 764 1642 per
797 1588 1029 1642 asyndeton
1061 1588 1198 1641 pergit
1228 1586 1250 1627 I
1285 1590 1349 1635 15,
1383 1590 1436 1627 29
1471 1585 1548 1625 sic:

346 1658 492 1700 Multa
518 1659 645 1711 prius
675 1661 790 1699 vasto
823 1657 1016 1699 labentur
1045 1656 1230 1708 flumina
1252 1658 1395 1708 ponto,

406 1729 564 1770 Annus
595 1732 632 1770 et
662 1730 854 1770 inversas
886 1728 1055 1769 duxerit
1086 1730 1183 1768 ante
1214 1727 1333 1776 vices,

350 1800 487 1853 Quam
518 1803 594 1840 tua
624 1799 699 1840 sub
730 1802 870 1840 nostro
900 1800 1091 1839 mutatur
1115 1799 1280 1849 pectore
1313 1809 1430 1837 eura.

117 1870 199 1912 Sed
236 1871 279 1911 in
310 1871 376 1911 his
410 1871 606 1923 quoniam
647 1867 809 1926 ‘multa'
850 1870 1094 1922 corruptum
1136 1879 1227 1908 esse
1261 1868 1436 1915 constat,
1468 1878 1545 1907 nec
1583 1862 1731 1921 ‘nulla'

117 1943 192 1982 aut
227 1940 381 2002 ‘muta'
420 1941 636 1982 meliorem
670 1952 840 1980 sensum
874 1938 1005 1988 affert,
1038 1938 1079 1978 id
1112 1937 1398 1991 reponendum
1430 1930 1540 1977 recte
1573 1935 1741 1976 videtur

114 2012 364 2053 vocabulum
395 2011 440 2051 P.
472 2011 791 2059 Krumbholzio,
826 2009 935 2062 quod
970 2011 1012 2050 et
1042 2008 1201 2049 notioni
1241 2004 1442 2064 ‘labendi’
1483 2008 1525 2047 et
1558 2007 1740 2048 ablativo

117 2083 219 2123 satis
251 2082 397 2131 faciat,
421 2094 582 2133 prona,
625 2081 774 2122 collato
806 2081 895 2121 loco
927 2079 1158 2120 Horatiano
1192 2091 1223 2119 c.
1255 2078 1276 2118 I
1310 2083 1382 2126 29,
1418 2082 1585 2119 10—12
1629 2077 1740 2133 ‘quis

115 2154 242 2205 neget
283 2152 424 2193 arduis
462 2165 613 2206 pronos
654 2151 786 2192 relabi
827 2163 948 2204 posse
990 2151 1098 2191 rivos
1131 2149 1345 2190 montibus
1388 2149 1431 2189 et
1461 2148 1644 2189 Tiberim
1677 2160 1743 2189 re-

116 2223 242 2272 verti,
289 2235 385 2264 cum
418 2255 426 2263 .
459 2214 504 2273 .',
536 2223 607 2263 ubi
640 2235 675 2263 v.
708 2222 935 2274 Kiessling.
997 2220 1101 2261 Voci
1134 2220 1246 2260 enim
1281 2212 1451 2281 ‘prona’
1486 2230 1568 2259 non
1600 2219 1741 2259 minus

119 2305 351 2346 congruens
393 2295 457 2334 est
497 2293 706 2334 ablativus
749 2304 875 2344 quam
910 2292 1032 2332 alteri
1065 2291 1286 2331 adiunctae
1323 2283 1568 2352 <1000111013.
1631 2289 1742 2329 Nam

121 2355 244 2425 ‘labi'
281 2364 382 2404 satis
406 2363 648 2416 frequenter
680 2376 776 2404 cum
799 2363 980 2404 ablativo
1002 2362 1190 2414 iungitur
1223 2360 1271 2402 of.
1293 2360 1462 2401 Hoerlei
1494 2359 1543 2400 de
1566 2371 1742 2400 casuum

117 2445 199 2474 usu
220 2433 492 2487 Propertiano
526 2434 623 2475 diss
644 2434 816 2474 Halens.
843 2438 951 2475 1887
986 2446 1024 2486 p.
1045 2438 1094 2474 67
1110 2445 1170 2485 sq.
1203 2456 1256 2461 —
1289 2431 1406 2472 Adde
1438 2431 1481 2471 II
1502 2435 1566 2480 15,
1585 2436 1635 2472 31
1652 2442 1742 2482 sqq.

117 2504 185 2546 III
219 2510 284 2554 19,
319 2509 456 2557 5sqq.‚
491 2504 627 2546 Ovidii
659 2505 768 2545 trist.
800 2504 821 2544 I
854 2508 891 2553 8,
928 2511 1052 2556 lsqq.
1086 2503 1187 2544 alios
1220 2502 1343 2543 locos.

236 2575 395 2616 Eadem
436 2576 576 2616 subita
612 2575 671 2616 rei
710 2574 979 2628 impossibilis
1020 2573 1274 2614 introductio
1315 2573 1363 2613 fit
1406 2571 1516 2625 apud
1550 2571 1744 2621 Graecos,

119 2647 169 2686 ut
202 2645 311 2698 apud
343 2645 599 2698 Aeschylum
631 2646 673 2685 in
705 2647 851 2698 Agam.
884 2658 920 2685 v.
955 2648 1202 2686 320—325
1244 2644 1286 2684 in
1320 2643 1651 2696 comparatione;
1695 2642 1744 2683 cf.

120 2715 276 2757 ibidem
307 2715 541 2765 Wecklein,
587 2716 657 2768 qui
699 2715 820 2756 affert
860 2715 1056 2756 Herodot.
1096 2714 1133 2754 V
1170 2720 1234 2757 92.
1296 2713 1412 2755 Adde
1455 2713 1596 2766 Eurip.
1635 2712 1745 2754 Med.

125 2799 158 2827 v.
191 2791 275 2828 410
288 2799 370 2839 sq.:
