2013 3223
879 129 960 165 163

261 256 314 293 75
347 250 445 292 Non
476 251 542 292 his
572 254 660 292 tam
693 250 823 292 laetor
852 252 975 292 rebus
1006 265 1133 304 quam
1164 265 1228 293 me
1260 251 1377 303 afore
1406 266 1579 304 semper,

407 321 541 374 Afore
571 335 634 362 me
666 335 693 362 α
724 321 920 363 dominae
949 322 1099 363 vertice
1131 322 1375 363 discrucior.

108 391 181 433 Ita
221 392 331 433 enim
373 404 420 433 ea
462 392 688 434 accusativi
729 405 825 432 cum
855 392 1059 432 infinitivo
1092 394 1307 433 structura
1339 404 1364 433 a
1394 393 1518 434 verbo
1555 393 1736 453 rdiscru-

112 454 231 503 ciari'
266 462 450 515 pendens
483 462 679 515 explicari
711 462 851 509 debet;
897 462 978 502 alia
1014 463 1201 515 exempla
1232 463 1406 515 praebet
1435 463 1612 504 Kuhner
1643 464 1668 503 l.
1700 476 1733 505 0.

107 532 155 572 Π
185 545 224 585 p.
248 537 344 574 509.
407 531 451 573 Si
481 544 555 585 per
592 523 741 593 ‘quod'
778 532 815 573 ei
845 533 970 573 verbo
1005 533 1276 573 subiunctum
1309 535 1420 574 esset
1453 534 1733 583 enuntiatum,

110 602 251 655 potius
285 602 336 642 ab
368 602 459 655 ipsa
491 614 609 643 coma
638 602 745 642 nihil
775 602 856 642 nisi
886 602 1056 642 futurus
1090 602 1371 655 sempiternus
1405 605 1543 644 status
1577 604 1736 657 simpli-

108 672 216 713 citer
245 671 512 713 indicaretur.
572 672 683 724 Ergo
715 684 788 725 per
809 673 928 713 illam
961 673 1219 713 structuram
1251 685 1369 713 coma
1401 675 1515 714 certe
1548 674 1734 726 spatium

108 742 322 794 quoddam
361 742 447 783 sive
488 743 743 795 potestatem
783 742 1031 796 professioni
1076 742 1270 783 desiderii
1310 743 1531 795 relinquit,
1579 755 1659 796 quo
1691 744 1735 784 in

108 812 310 853 verticem
343 824 385 853 se
417 812 550 853 redire
583 814 727 853 tamen
750 825 899 866 cupere
932 812 1055 853 dicat.
1117 812 1286 853 Laetari
1309 812 1479 865 quidem
1512 825 1554 854 se
1589 825 1634 854 eo
1662 814 1735 854 ho-

107 894 208 923 nore
241 882 418 932 dixerat,
451 882 523 923 sed
554 883 688 935 magis
720 884 863 923 tamen
896 882 1148 931 discruciari,
1180 895 1328 936 nempe
1361 885 1410 923 ut
1441 883 1608 936 reginae
1640 884 1732 937 ipsi,

107 965 135 993 a
167 964 251 1005 qua
283 965 400 994 coma
433 952 701 1002 discesserat,
741 953 873 994 honor
905 955 947 994 et
978 953 1211 993 reverentia
1244 953 1384 994 debita
1417 965 1441 994 a
1474 953 1731 995 Callimacho

108 1023 377 1064 tribueretur.

227 1095 288 1134 Ac
328 1094 471 1134 tamen
515 1093 694 1146 optavit,
735 1094 784 1133 ut
825 1093 903 1134 sibi
943 1093 986 1133 in
1027 1093 1140 1134 caelo
1185 1092 1329 1134 affixae
1372 1105 1396 1133 a
1432 1094 1549 1134 novis
1590 1094 1733 1147 nuptis

106 1175 285 1204 munera
316 1163 566 1212 libarentur,
606 1165 824 1216 praeterea
855 1166 904 1204 ut
934 1164 1079 1216 regina
1111 1164 1202 1216 ipsa
1242 1163 1358 1204 sidus
1390 1164 1518 1217 largis
1550 1165 1735 1205 muneri-

107 1233 186 1274 bus
219 1232 404 1274 afficeret
436 1233 485 1274 cf.
518 1247 554 1273 v.
590 1238 773 1275 79—92.

233 1303 341 1345 Sane
383 1303 562 1345 difficilis
605 1305 695 1345 erat
735 1306 777 1344 et
827 1306 1008 1356 angusta
1049 1304 1232 1345 condicio
1281 1306 1428 1357 poetae
1470 1305 1613 1354 aulici,
1662 1305 1734 1357 qui

105 1374 275 1427 reginae
309 1386 408 1415 suae
441 1376 585 1414 votum
619 1374 830 1426 quondam
862 1374 1023 1415 factum
1055 1376 1173 1415 tanto
1205 1375 1360 1415 honore
1394 1374 1586 1416 decorare
1620 1375 1735 1416 novi-

107 1456 190 1496 que
231 1444 378 1485 sideris
419 1444 684 1497 splendorem
725 1445 935 1485 celebrare
977 1445 1171 1498 cupiebat
1212 1447 1253 1485 et
1286 1445 1358 1497 qui
1390 1458 1536 1486 rursus
1570 1458 1732 1486 comam

107 1513 330 1555 detonsam
369 1517 527 1555 sortem
569 1527 690 1555 suam
732 1514 1085 1567 solitudinemque
1129 1515 1344 1567 lugentem
1377 1514 1511 1556 facere
1545 1515 1732 1565 debebat,

106 1584 144 1625 si
175 1584 262 1638 ipse
295 1585 412 1625 salva
445 1585 682 1626 adulatione
715 1585 823 1626 hanc
857 1585 977 1638 quasi
1011 1585 1197 1638 Scyllam
1230 1584 1553 1638 Charybdinque
1577 1586 1732 1627 evitare

105 1655 285 1696 volebat.
335 1654 444 1705 Quid
467 1656 578 1696 enim
610 1655 797 1697 faceret?
842 1655 1088 1697 Concideret
1119 1658 1258 1696 totum
1281 1656 1477 1697 carminis
1501 1656 1732 1706 consilium,

105 1725 144 1766 si
186 1725 300 1766 sidus
343 1737 485 1766 comae
525 1726 733 1766 obstinate
775 1728 946 1779 cuperet
983 1725 1140 1772 redire;
1190 1738 1270 1778 quo
1312 1726 1424 1767 enim
1465 1726 1633 1767 consilio
1671 1729 1734 1767 to-

106 1796 198 1836 tam
235 1796 517 1837 inventionem
559 1795 608 1836 de
651 1808 791 1837 comae
835 1796 988 1836 honore
1023 1795 1160 1836 divino
1203 1796 1358 1837 factam
1392 1808 1481 1837 esse
1514 1798 1606 1837 tum
1638 1808 1733 1837 cen-

104 1867 326 1907 seremus?
373 1878 518 1906 rursus
562 1868 597 1906 si
637 1878 755 1907 coma
795 1866 901 1906 nihil
934 1866 1049 1906 aliud
1083 1868 1225 1919 ageret
1255 1867 1337 1907 nisi
1369 1868 1417 1907 ut
1449 1866 1651 1918 gauderet
1684 1879 1730 1908 eo

105 1935 283 1985 honore,
323 1948 460 1977 nonne
495 1936 605 1988 quod
639 1948 662 1977 a
695 1936 829 1989 capite
864 1937 1032 1989 reginae
1066 1937 1234 1977 abesset
1265 1948 1357 1977 eam
1390 1929 1570 1989 gaudere
1603 1937 1732 1977 invidi

104 2005 242 2047 dicere
274 2008 501 2060 poterant?

224 2076 286 2117 Ea
316 2077 446 2129 igitur
478 2077 688 2118 sententia
721 2076 996 2125 desideratur,
1029 2089 1051 2117 a
1086 2089 1167 2129 qua
1200 2078 1427 2129 utrumque
1460 2077 1580 2118 absit.
1627 2077 1730 2119 Inde

104 2146 410 2187 Baehrensium
442 2159 525 2188 non
556 2148 669 2188 recte
703 2159 796 2188 eam
829 2148 1082 2188 sententiam
1115 2147 1382 2201 descripsisse
1417 2149 1602 2201 apparet,
1635 2161 1731 2189 cum

104 2217 210 2258 haec
248 2217 370 2258 dicit:
415 2217 486 2277 ‘ad
519 2217 733 2259 dominam
766 2218 836 2259 ubi
876 2218 1038 2259 reflexit
1071 2218 1321 2267 orationem,
1353 2230 1472 2259 coma
1503 2219 1658 2259 iterum
1688 2219 1731 2259 in

104 2299 150 2328 se
183 2287 313 2328 sentit
335 2287 600 2329 exardescere
624 2288 819 2329 desiderii
853 2300 933 2340 quo
955 2290 1125 2329 tenetur
1146 2288 1477 2329 vehementiam:
1511 2290 1731 2341 tamquam

104 2369 271 2398 summo
304 2357 442 2399 dolore
466 2359 604 2399 subito
637 2360 838 2412 correpta,
871 2359 906 2399 si
935 2358 1069 2399 redire
1102 2359 1233 2412 possit
1255 2359 1298 2399 in
1320 2359 1487 2411 reginae
1519 2360 1730 2409 verticem,

104 2428 241 2469 stellis
275 2428 375 2480 quid
405 2427 480 2469 fiat
502 2441 545 2470 se
567 2428 673 2469 nihil
695 2431 939 2470 curaturam
971 2429 1130 2469 innuit:
1166 2441 1217 2470 en
1249 2429 1424 2482 dignum
1457 2430 1606 2471 callido
1629 2429 1732 2471 adu-

104 2498 238 2539 latore
271 2498 528 2540 Callimacho
567 2491 726 2539 finem’.
789 2497 909 2549 Quod
950 2499 1063 2540 idem
1096 2498 1143 2540 Ο.
1175 2499 1358 2540 Ribbeck
1389 2500 1415 2540 1.
1448 2512 1480 2541 c.
1511 2499 1533 2540 Ι
1573 2513 1610 2553 p.
1646 2505 1729 2542 330

103 2568 294 2621 requirit,
326 2569 436 2610 sicut
467 2571 592 2610 antea
624 2568 675 2609 H.
707 2569 890 2622 Magnus
922 2568 1042 2610 Neue
1074 2568 1250 2611 Jahrbb.
1288 2575 1368 2612 113
1394 2570 1544 2625 (1876)
1576 2583 1614 2623 p.
1633 2575 1730 2619 412,

103 2638 179 2691 qui
218 2651 360 2680 comae
401 2639 539 2680 locum
579 2640 702 2680 illum
733 2640 958 2681 caelestem
993 2632 1221 2702 ‘odiosum'
1260 2653 1349 2681 esse
1389 2640 1613 2682 contendit.
1674 2642 1731 2682 At

104 2721 214 2762 quae
256 2709 440 2750 adulatio
481 2710 557 2750 tali
596 2710 809 2751 sententia
851 2710 1077 2751 consistere
1110 2711 1264 2763 possit,
1308 2711 1502 2763 equidem
1547 2723 1632 2752 non
1670 2711 1731 2751 di—

104 2791 269 2832 gnosco.
330 2779 440 2832 Ergo
472 2780 554 2821 nisi
575 2792 693 2821 coma
724 2780 998 2834 insuperabili
1030 2781 1172 2832 aliqua
1203 2781 1456 2822 necessitate
1490 2793 1534 2822 se
1567 2794 1587 2822 e
1616 2781 1729 2822 caelo

1376 2850 1446 2885 11*
