2013 3223
1038 124 1118 159 146

266 250 503 291 affirmavit.
575 247 657 289 Sed
706 260 955 300 quocunque
1009 247 1131 288 modo
1180 248 1512 301 interpretamur
1560 248 1717 290 Catulli
1761 250 1891 291 verba

271 312 480 383 ‘sinister'
518 321 560 360 et
596 310 794 380 ‘dexterss
827 318 905 358 hoc
937 319 1048 358 certe
1081 320 1249 359 constat
1281 331 1329 359 ex
1359 319 1447 372 ipso
1480 320 1632 360 horum
1665 333 1744 361 usu
1787 321 1892 362 alte-

265 404 356 432 ram
389 392 528 431 utram
560 390 724 442 partem
747 388 815 428 hic
837 388 1061 440 significari
1082 388 1212 429 fausti
1235 389 1384 429 ominis
1407 402 1546 430 causa.
1589 390 1692 431 Inde
1717 393 1894 444 apparet

268 474 291 502 a
324 461 470 502 dextra
501 460 620 513 parte
643 460 691 498 ut
724 459 774 499 ab
806 458 993 499 infausta
1025 458 1226 500 Romanis
1259 472 1341 500 non
1375 461 1604 501 sternuisse
1637 462 1846 502 Amorem.

384 531 475 571 Iam
509 530 628 570 doc-et
659 543 695 569 v.
734 535 796 578 17,
828 531 877 569 ut
914 531 1026 570 recte
1069 530 1285 571 adnotavit
1325 531 1371 572 B.
1408 531 1600 572 Schmidt
1640 545 1677 585 p.
1721 531 1894 581 CXVII,

269 604 487 665 ‘Amorem
521 599 738 653 Septumio
771 612 867 640 suos
901 612 999 652 erga
1030 600 1215 653 puellam
1239 613 1386 642 sensus
1410 602 1649 643 declarante
1674 614 1697 642 a
1720 602 1893 643 sinistra

266 674 384 726 parte
419 665 649 712 adnuisse'.
714 670 795 711 Sed
830 670 940 723 quod
972 671 1069 711 hinc
1102 670 1265 712 efficere
1297 672 1360 711 vir
1393 671 1540 712 doctus
1581 673 1732 721 voluit,
1772 685 1893 713 voca-

266 744 412 784 bulum
448 734 632 803 ‘dextra'
670 754 706 781 v.
742 747 764 782 9
800 753 951 781 sanum
983 753 1064 781 non
1100 754 1211 790 esse,
1252 742 1293 782 id
1333 742 1393 782 ita
1431 755 1577 783 verum
1619 755 1708 784 esse
1748 745 1796 783 ut
1835 743 1895 784 ibi

267 813 532 855 scribendum
581 812 635 852 sit
681 812 893 873 ‘dextram
934 805 1291 865 approbationem'
1350 826 1445 853 cum
1491 813 1746 854 Baehrensio
1797 826 1895 854 con-

267 884 412 925 sentio.
474 883 585 923 Nam
617 884 768 923 Acmes
803 884 844 923 et
879 882 1086 936 Septumii
1119 895 1331 923 sermones
1365 886 1454 924 tam
1489 886 1683 925 accurate
1718 887 1759 924 et
1800 896 1891 925 ver-

268 967 392 996 suum
424 966 598 994 numero
632 955 674 994 et
713 953 911 994 orationis
954 954 1253 1006 aequabilitate
1295 954 1405 995 inter
1447 967 1489 995 se
1530 955 1803 1008 respondent,
1845 956 1896 995 ut

268 1025 458 1067 clausula
489 1024 710 1076 utriusque
745 1024 946 1064 sermonis
979 1025 1044 1065 vel
1078 1024 1223 1065 eadem
1256 1026 1320 1065 vel
1354 1025 1568 1066 simillima
1602 1038 1690 1066 esse
1731 1026 1895 1067 debeat.

269 1096 350 1138 Sed
384 1096 677 1149 suspicabatur
705 1095 755 1137 B.
781 1095 974 1136 Schmidt
1006 1096 1030 1135 l.
1064 1108 1095 1136 c.
1135 1096 1271 1144 deum,
1307 1096 1416 1148 quod
1449 1097 1632 1150 primum
1677 1088 1889 1158 (sinistra‘

268 1179 291 1208 a
322 1168 453 1220 parte,
486 1165 634 1207 deinde
668 1178 692 1206 a
717 1158 900 1227 ‘dextra'
928 1166 965 1206 h.
990 1178 1022 1206 e.
1045 1166 1258 1218 utrimque
1289 1168 1629 1219 approbationem
1653 1167 1895 1216 sternuerit,

268 1237 580 1278 faustissimum
612 1237 751 1276 mutui
794 1237 947 1276 amoris
993 1249 1113 1277 omen
1160 1250 1395 1289 agnoscere.
1457 1240 1513 1278 At
1546 1238 1580 1278 si
1620 1239 1809 1290 utrique,
1852 1240 1897 1279 et

265 1310 421 1349 Acmae
455 1309 497 1348 et
531 1307 759 1360 Septumio,
792 1306 902 1347 idem
937 1319 1056 1347 omen
1091 1307 1288 1347 acciderit
1320 1308 1371 1348 ab
1404 1308 1550 1348 eadem
1572 1311 1703 1361 parte,
1736 1309 1777 1349 id
1811 1321 1893 1349 non

268 1379 403 1420 solum
436 1390 668 1430 congruens
702 1379 766 1418 est
799 1378 973 1418 actionis
1007 1379 1052 1418 et
1084 1378 1286 1418 sermonis
1321 1379 1622 1430 aequabilitati,
1657 1380 1728 1420 sed
1766 1381 1895 1420 etiam

267 1450 554 1491 Romanorum
587 1448 635 1488 de
659 1448 799 1488 fausta
821 1449 988 1501 regione
1012 1449 1203 1501 opinioni.
1238 1473 1291 1477 —
1324 1449 1416 1489 Iam
1449 1462 1544 1490 vero
1581 1450 1791 1511 (dextram
1824 1462 1897 1503 ap-

266 1511 575 1574 probationem'
610 1520 689 1560 hac
722 1531 889 1571 quoque
923 1519 970 1560 de
1005 1532 1131 1560 causa
1164 1520 1343 1560 maxime
1377 1533 1419 1560 se
1459 1521 1744 1570 commendat,
1784 1521 1894 1573 quod

268 1591 416 1633 ominis
451 1591 512 1630 vis
546 1590 784 1630 accusativo
818 1602 917 1631 casu
951 1592 1046 1643 apte
1081 1593 1122 1631 et
1154 1591 1333 1643 genuine
1375 1591 1635 1643 significatur
1676 1592 1725 1632 cf.
1757 1592 1896 1633 Baeh-

266 1662 394 1702 rensii
426 1662 647 1702 comment.

389 1732 470 1773 Sed
505 1732 702 1784 quoniam
738 1734 807 1794 (ut
840 1724 957 1773 ante'
992 1733 1034 1772 in
1066 1746 1101 1772 v.
1127 1738 1150 1773 8
1175 1744 1310 1784 neque
1334 1733 1471 1782 habet,
1506 1745 1586 1785 quo
1609 1732 1816 1774 referatur
1839 1757 1893 1762 ——

267 1803 378 1844 unde
410 1803 618 1843 mirabilia
651 1803 729 1843 sibi
760 1802 879 1843 finxit
911 1802 954 1844 C.
987 1803 1031 1843 P.
1067 1803 1242 1844 Schulze
1276 1805 1318 1843 in
1351 1803 1447 1844 diss.
1480 1804 1619 1856 inaug.
1653 1804 1701 1844 de
1726 1804 1896 1845 Catullo

269 1874 526 1916 Graecorum
558 1874 769 1914 imitatore
801 1874 934 1914 Jenae
970 1880 1077 1916 1871
1117 1874 1178 1914 ed.
1210 1888 1247 1927 p.
1292 1880 1346 1915 ⁴23
1389 1876 1429 1915 et
1461 1873 1580 1915 Neue
1613 1874 1763 1916 Jahrb.
1802 1880 1896 1917 129.

271 1950 394 1987 1884.
427 1958 464 1998 p.
501 1950 581 1986 182
597 1957 656 1996 sq.
690 1944 739 1985 de
774 1957 912 1985 amore
939 1947 1091 1985 Acmes
1125 1947 1166 1985 et
1191 1945 1397 1997 Septumii
1429 1958 1563 1997 usque
1587 1945 1702 1986 adid
1726 1948 1894 1999 tempus

268 2016 450 2057 infausto
486 2040 539 2044 —
572 2027 707 2067 neque
740 2028 814 2069 per
845 2016 1103 2056 latinitatem
1135 2016 1259 2056 licere
1302 2018 1413 2056 recte
1447 2016 1661 2056 Baehrens
1707 2016 1896 2056 animad-

268 2087 405 2136 vertit,
437 2087 532 2127 inde
565 2087 667 2127 haec
699 2087 901 2127 vocabula
934 2087 1085 2127 vitiosa
1128 2099 1217 2127 esse
1250 2087 1298 2126 B.
1333 2086 1524 2127 Schmidt
1563 2087 1777 2127 conclusit.
1839 2088 1897 2128 At

269 2158 341 2210 qui
374 2158 625 2210 scripturam
658 2159 837 2209 utroque
869 2158 957 2198 loco
1000 2158 1201 2198 traditam
1240 2158 1584 2206 consideraverit,
1626 2158 1703 2198 hoc
1743 2157 1897 2199 indicio

269 2230 502 2269 commotus
535 2228 640 2268 illud
675 2241 840 2280 quoque
875 2241 948 2268 suo
981 2228 1069 2269 iure
1103 2229 1306 2281 suspicari
1339 2230 1488 2281 potest,
1521 2229 1770 2269 vocabulum
1806 2220 1891 2290 ‘ut'

270 2298 410 2339 sedem
445 2311 535 2339 esse
569 2299 857 2351 corruptionis,
891 2299 989 2351 quia
1025 2291 1162 2358 ‘ante’
1207 2300 1274 2339 hic
1307 2301 1349 2339 et
1380 2299 1465 2340 illic
1498 2311 1522 2339 a
1555 2299 1764 2340 codicibus
1796 2299 1897 2340 reti-

268 2371 403 2410 netur.
477 2369 717 2410 Retinuisse
759 2370 890 2421 igitur
931 2370 1008 2410 hac
1055 2370 1105 2410 de
1149 2382 1276 2410 causa
1317 2370 1482 2410 videtur
1519 2370 1755 2419 Baehrens,
1798 2382 1895 2411 cum

270 2440 445 2480 coniecit
480 2440 672 2500 ‘sinistra
706 2441 748 2480 et
782 2431 900 2480 ante'
944 2440 968 2481 i.
1003 2453 1035 2481 e.
1069 2453 1092 2480 a
1136 2441 1304 2481 sinistra
1349 2443 1468 2494 parte
1512 2442 1554 2481 et
1585 2441 1810 2494 posteriore
1854 2442 1898 2482 et

270 2510 488 2550 anteriore.
553 2509 633 2550 Sed
666 2510 744 2550 hoc
775 2511 976 2551 vocabulo
1002 2502 1137 2572 ‘ante'
1174 2511 1289 2551 nullo
1312 2511 1433 2552 modo
1456 2511 1643 2563 legentes
1677 2513 1896 2564 coguntur,

269 2579 310 2620 id
344 2580 453 2632 quod
486 2580 556 2621 ille
588 2581 733 2629 voluit,
766 2581 868 2621 item
902 2581 1116 2622 sinistram
1150 2584 1313 2634 partem
1354 2582 1598 2634 intellegere
1641 2582 1896 2634 omninoque

270 2650 304 2691 si
336 2663 482 2691 verum
515 2652 627 2692 esset
667 2652 856 2692 inscitiae
900 2652 943 2692 in
987 2652 1216 2704 eloquendo
1259 2652 1466 2693 admissae
1514 2652 1785 2693 damnaretur
1817 2651 1898 2693 Ca-

269 2720 416 2761 tullus.

393 2791 489 2853 (Est
522 2794 663 2833 autem
696 2793 889 2834 dominus
922 2793 991 2834 ille
1024 2817 1081 2822 —
1112 2794 1250 2846 inquit
1281 2793 1497 2834 Baehrens
1530 2818 1584 2822 —
1618 2793 1736 2834 cuius
1770 2793 1896 2834 unius
