2013 3223
1065 130 1117 165 56

281 253 489 305 quaedam
522 254 608 294 Sive
642 255 847 294 attributa
880 265 986 305 quae
1020 252 1218 293 dicuntur
1251 253 1304 293 ad
1338 253 1593 294 sententiam
1616 253 1910 295 definiendam.

277 323 397 364 Idem
429 324 477 365 fit
508 325 550 364 in
583 325 742 377 primae
775 323 971 376 strophae
1004 335 1128 363 versu
1161 324 1294 364 altero
1328 324 1401 376 (=
1433 323 1505 377 21)
1539 325 1581 364 et
1611 324 1655 364 in
1692 336 1817 364 versu
1851 330 1905 366 27

281 394 344 434 illi
377 407 425 435 ex
458 394 599 434 ordine
633 407 707 434 suo
739 393 1017 446 respondente
1049 407 1122 447 per
1145 406 1372 447 pronomen
1396 393 1493 445 qna,-
1524 406 1601 434 nec
1633 395 1755 435 aliter
1785 394 1908 436 —id

281 465 391 517 quod
423 465 589 505 monuit
619 464 663 505 P.
686 464 946 505 Krumbholz
979 489 1035 495 —
1067 466 1110 505 in
1142 477 1266 506 versu
1299 477 1400 506 suae
1431 465 1626 518 strophae
1649 465 1909 517 paenultimo

279 535 353 588 (=
394 535 465 588 29)
506 548 580 575 uec
630 534 812 575 refertur
861 535 912 575 ad
960 536 1183 588 superioris
1232 536 1427 589 strophae
1468 547 1615 576 versus
1656 535 1908 588 paenultimi

276 607 350 658 (=
383 606 454 658 23)
488 607 535 645 et.

392 675 485 716 Iam
519 675 628 727 quod
660 676 824 729 puellae
857 676 899 715 in
921 675 1109 728 Hespero
1133 676 1377 717 criminatae
1401 677 1502 716 sunt
1522 675 1684 716 furtum
1718 699 1771 704 —
1804 687 1905 716 nam

276 746 326 787 de
359 747 507 799 rapina
540 746 715 799 cogitari
747 759 830 786 non
864 746 988 787 debet
1020 771 1087 795 -—,
1119 747 1174 787 M.
1207 746 1355 799 Haupt
1386 747 1490 787 haec
1532 746 1655 786 dixit:
1697 745 1781 797 auf
1815 745 1906 786 He-

273 829 424 870 sperus
464 832 482 858 e
513 816 644 866 uobis,
677 816 892 868 aequales,
935 816 1110 857 abstulit
1149 830 1282 857 uuam
1322 816 1445 868 folqle
1485 816 1577 857 eine
1617 815 1795 868 anklaqe
1835 816 1909 856 cles

273 887 492 938 Hesperus
535 887 601 928 als
647 887 760 928 eines
807 887 943 928 cliebes
989 888 1087 928 ocler
1132 888 1320 928 raubers.
1386 887 1467 928 Sed
1514 888 1591 928 1100
1632 889 1744 928 certe
1787 899 1908 940 aper-

274 960 367 999 tum
410 961 475 999 est
520 959 581 999 illi
623 959 861 1007 enuntiato,
902 960 944 999 in
989 972 1069 1011 quo
1112 959 1327 1012 Hesperus
1369 959 1553 999 adventu
1594 970 1668 999 suo
1700 957 1906 1010 virginem

275 1030 502 1071 abstulisse
536 1030 739 1082 arguitur,
773 1030 923 1083 opponi
956 1031 1149 1079 alterum,
1181 1031 1223 1070 in
1264 1043 1344 1082 quo
1376 1030 1592 1082 Hesperus
1634 1028 1745 1069 idem
1783 1040 1909 1079 saepe

277 1102 488 1141 revertens
520 1113 589 1141 eos
623 1101 694 1152 qui
728 1100 886 1152 aliquid
920 1100 1082 1141 auferre
1116 1101 1246 1141 velint
1278 1101 1301 1141 i.
1336 1113 1368 1141 e.
1399 1100 1518 1151 fures
1549 1101 1707 1139 mutato
1737 1099 1909 1139 ‘nomine

280 1170 401 1211 Eous
432 1171 726 1222 comprendere
755 1171 1042 1224 praedicatur;
1077 1184 1183 1224 quae
1225 1172 1426 1224 oppositio
1467 1171 1647 1211 maxime
1690 1169 1907 1211 auferendi

277 1243 319 1282 et
351 1241 676 1294 comprendendi
714 1243 952 1283 notionibus
987 1242 1038 1282 ad
1072 1242 1250 1283 eundem
1283 1243 1520 1295 Hesperum
1552 1242 1698 1282 relatis
1730 1241 1778 1281 fit
1811 1253 1908 1281 0011-

278 1312 433 1365 spicua.

393 1382 522 1423 Porro
557 1383 756 1435 quoniam
790 1383 893 1424 illud
938 1384 1212 1434 comprendis,
1254 1384 1297 1424 in
1340 1396 1422 1436 qua
1463 1383 1632 1424 notione
1673 1383 1734 1423 vis
1775 1394 1909 1422 enun-

274 1454 370 1494 tiati
402 1454 604 1507 primaria
635 1454 776 1507 posita
809 1456 886 1504 est,
920 1454 1165 1495 secundario
1199 1455 1416 1495 enuntiato
1448 1467 1524 1507 per
1554 1466 1782 1507 pronomen
1805 1465 1911 1505 quos

274 1525 454 1566 formato
486 1525 729 1573 includitur,
763 1527 876 1566 certe
911 1526 961 1565 ab
996 1538 1043 1566 ea
1076 1526 1280 1566 sermonis
1325 1525 1627 1577 aequabilitate
1670 1536 1797 1577 supra
1837 1523 1909 1564 de-

277 1596 438 1637 clarata
469 1608 552 1636 non
596 1596 824 1636 abhorrens
866 1596 998 1637 videri
1038 1596 1192 1649 possit,
1226 1596 1260 1636 si
1293 1596 1400 1637 actio
1438 1596 1511 1636 illa
1550 1595 1765 1636 auferendi
1804 1597 1908 1636 item

276 1667 318 1707 in
351 1668 539 1708 membro
573 1667 713 1719 aliquo
747 1667 995 1707 secundario
1028 1667 1236 1707 exstiterit
1267 1668 1333 1707 vel
1364 1679 1438 1720 per
1469 1679 1696 1719 pronomen
1728 1667 1795 1707 vel
1834 1678 1910 1720 per

279 1738 613 1779 coniunctionem
645 1738 705 1778 ita
737 1750 902 1787 0011οΧ0,
935 1739 983 1778 ut
1014 1738 1091 1778 tali
1122 1738 1274 1778 indicio
1307 1737 1543 1786 definiatur,
1577 1750 1650 1778 cur
1689 1739 1764 1778 aut
1806 1749 1910 1790 qua-

276 1811 400 1849 tenus
447 1810 612 1862 puellae
662 1809 849 1862 Hespero
897 1809 1002 1849 furis
1050 1822 1203 1850 nomen
1250 1809 1451 1850 dederint.
1525 1808 1795 1861 Quamquam
1841 1808 1910 1849 his

277 1880 510 1920 rationibus
542 1880 611 1920 vix
643 1880 842 1932 cuiquam
876 1880 917 1920 id
949 1893 1016 1921 me
1050 1880 1319 1921 confirmasse
1348 1881 1436 1933 ipse
1460 1880 1543 1921 scio
1569 1892 1701 1932 eaque
1725 1879 1909 1932 suspicio

277 1951 490 2004 plerisque
524 1951 631 1991 mira
665 1953 739 1991 aut
770 1951 935 1991 inutilis
969 1950 1147 1992 fortasse
1181 1951 1413 2000 videbitur,
1446 1952 1588 1992 tamen
1623 1963 1715 1991 eam
1749 1950 1911 1991 coniec-

280 2023 424 2062 turam
456 2034 599 2062 veram
632 2034 722 2062 esse
757 2022 903 2062 statim
938 2022 1166 2075 apparebit.
1230 2022 1377 2073 Neque
1410 2034 1507 2062 vero
1540 2021 1702 2062 inutilis
1737 2022 1828 2062 erat
1860 2033 1911 2061 ea

280 2093 481 2146 expositio
514 2093 678 2142 idcirco,
713 2093 811 2145 quia
844 2093 1121 2145 aequabilitas
1154 2093 1227 2133 illa
1260 2093 1475 2141 sermonis,
1510 2105 1636 2145 quam
1670 2104 1717 2133 eo
1742 2103 1910 2144 quoque

279 2164 368 2204 loco
403 2164 657 2216 quaerimus,
690 2176 786 2204 vere
821 2163 1053 2216 Sapphicae
1087 2166 1152 2203 est
1185 2163 1365 2215 originis.

396 2236 456 2275 Ac
488 2235 728 2275 vocativum
762 2235 833 2286 qui
865 2235 907 2274 in
941 2234 1192 2275 editionibus
1225 2235 1380 2287 legitur
1413 2246 1660 2288 semperque
1690 2233 1912 2286 legebatur

280 2304 476 2357 aequales
508 2306 586 2346 hoc
617 2306 706 2346 1000
739 2306 906 2346 0111111110
939 2306 1132 2358 ineptum
1166 2318 1255 2346 esse
1291 2318 1418 2359 supra
1451 2305 1789 2346 demonstratum
1822 2305 1910 2350 est;

280 2376 439 2417 accedit
470 2378 688 2429 praeterea
722 2377 832 2429 quod
864 2377 905 2417 id
938 2377 1188 2417 vocabulum
1222 2377 1503 2430 corruptelam
1536 2377 1723 2428 aliquam
1754 2375 1910 2415 habere

277 2448 531 2488 traditarum
573 2447 800 2488 lectionum
845 2447 1066 2488 diversitas
1107 2448 1263 2500 prodit,
1321 2448 1439 2488 cuius
1483 2459 1632 2488 causae
1675 2446 1910 2487 secundum

283 2531 376 2559 eam
420 2518 660 2568 scientiam,
703 2531 831 2571 quam
873 2519 922 2559 de
965 2519 1154 2559 codicum
1194 2519 1351 2571 origine
1392 2519 1615 2567 habemus,
1658 2517 1910 2558 manifestae

280 2590 390 2629 sunt.
442 2588 522 2629 Sed
555 2588 596 2628 id
631 2590 739 2641 quod
774 2590 825 2630 ab
859 2590 1157 2642 aequabilitate
1192 2591 1234 2630 et
1266 2602 1423 2630 conexu
1456 2589 1787 2637 commendatur,
1821 2587 1911 2628 erui

279 2661 421 2712 potest
453 2672 501 2699 ex
532 2660 624 2712 ipsa
656 2660 846 2701 codicum
878 2660 1091 2701 memoria.
1153 2662 1214 2700 Ac
1247 2660 1462 2701 Schwabei
1485 2661 1715 2713 apparatus
1739 2659 1910 2700 criticus

279 2730 389 2770 hanc
420 2730 671 2771 varietatem
703 2732 899 2784 praebet:
938 2729 1121 2793 (equalis
1153 2731 1185 2771 T
1216 2730 1386 2782 equales
1418 2730 1455 2770 V
1489 2731 1562 2784 (=
1597 2730 1701 2783 GO),
1732 2729 1827 2769 inde
1868 2742 1911 2769 m

287 2800 432 2841 littera
450 2802 735 2855 superscripta
763 2804 840 2843 ets
858 2804 1067 2855 expuncta
1088 2801 1187 2842 fecit
1210 2801 1399 2853 equalem
1425 2814 1452 2853 g
1478 2800 1685 2854 [equalem
1706 2792 1910 2852 CDHAJ’
