2013 3223
865 144 916 180 29

345 267 537 317 Cernitis,
570 268 786 319 innuptae,
820 267 987 308 iuvenes
1019 281 1263 321 consuryere
1293 269 1441 310 terra?

85 341 168 383 Sed
198 340 295 381 talis
327 339 519 392 repetitio
549 352 633 379 non
665 340 728 379 est
761 340 919 391 graviS‚
961 339 1033 380 sed
1071 352 1166 380 vere
1198 340 1351 393 inepta.
1414 340 1523 391 Quid
1556 342 1696 383 enim‘?

84 410 504 464 siquidem‘primum
543 409 612 449 ille
654 409 725 461 qui
765 409 950 461 loquitur
979 410 1149 450 iuvenes
1181 410 1225 450 in
1255 424 1292 450 v.
1327 417 1346 451 1
1378 411 1572 452 hortatur
1603 425 1696 453 con-

81 480 410 532 suryite‚iterum
440 479 635 519 hortatur
665 479 709 519 in
740 492 776 519 v.
801 484 823 520 3
847 491 1015 530 surpere
1045 479 1134 520 iain
1155 482 1326 530 tempus,
1359 493 1479 533 porro
1503 482 1538 522 si
1562 482 1697 524 denuo

80 552 126 592 in
155 562 279 592 versu
313 554 336 591 6
367 549 531 602 puellae
563 549 732 589 iuvenes
763 562 1007 601 eonsuryere
1038 552 1152 590 terra
1188 553 1371 599 monent,
1402 551 1505 592 haec
1536 554 1601 593 ter
1632 565 1696 594 re-

79 621 216 674 petita
246 620 344 661 huic
374 620 461 660 viro
494 619 732 660 doctissimo
766 619 866 660 adeo
899 620 1138 661 satisfacere
1170 633 1252 661 non
1283 623 1522 673 potuerunt,
1554 624 1603 663 ut
1634 624 1696 664 in·

81 703 206 744 super
244 691 479 744 postularet
517 690 702 742 aliquam
738 683 940 752 cgravem'
976 691 1287 743 repetitionem,
1328 704 1412 743 qua
1450 692 1584 733 denuo
1626 693 1698 734 ad-

81 761 264 802 monitae
296 761 486 801 viderent
518 773 586 801 eos
611 760 844 811 perniciter
875 759 1105 800 exiluisse?

198 831 326 872 Porro
348 844 399 872 ne
421 831 525 871 illud
548 831 716 883 quidem
737 843 882 871 verum
905 832 969 871 est
990 831 1150 884 puellas
1180 831 1314 872 verbis
1346 831 1406 872 sie
1438 835 1581 873 certest
1603 846 1697 874 con-

81 902 360 942 firmationem
393 913 513 941 suam
545 913 641 942 cum
661 901 701 941 vi
723 902 909 953 repetere
932 901 1303 953 gradationemque
1336 902 1471 943 inesse
1494 904 1584 944 voci
1598 918 1695 954 per:

79 971 243 1013 nieiter.
290 971 400 1012 Nam
433 972 467 1012 si
499 983 547 1012 ea
579 971 731 1012 locutio
762 971 804 1010 in
827 983 859 1011 0.
880 970 1034 1011 LXXX
1058 978 1078 1012 7
1106 983 1229 1011 suum
1251 972 1380 1012 habet
1402 973 1551 1022 locum,
1573 974 1640 1015 hic
1663 975 1697 1015 si

81 1042 143 1082 ita
173 1042 500 1094 interpretemur
530 1041 658 1081 habet
690 1041 855 1081 omnino
887 1041 1064 1080 nullum.
1110 1041 1175 1081 Ibi
1207 1041 1317 1081 enirn
1348 1042 1391 1082 in
1422 1042 1487 1083 his
1510 1045 1696 1085 versibus

258 1116 281 1152 5
313 1109 465 1151 Nescio
497 1110 602 1162 quid
631 1113 736 1151 certe
768 1113 848 1150 est:
881 1124 939 1150 an
970 1124 1062 1151 vere
1092 1110 1211 1162 fama
1243 1115 1441 1152 susurrat

435 1180 636 1222 Grandia
667 1184 704 1222 te
734 1181 864 1221 medii
895 1183 1008 1221 tenta
1038 1193 1186 1221 vorare
1216 1181 1302 1221 viri
1313 1181 1335 1221 ,9

313 1250 384 1293 Sic
414 1254 518 1292 certe
549 1254 629 1291 est:
660 1250 845 1291 clamant
886 1250 1066 1291 Victoris
1096 1254 1226 1302 rupta
1257 1251 1411 1293 miselli

430 1320 534 1370 Ilia,
567 1324 604 1362 et
635 1320 788 1362 emulso
820 1321 943 1361 labra
973 1324 1118 1362 notata
1150 1334 1250 1362 sero.

80 1391 293 1446 praecedit
326 1391 374 1432 de
409 1391 532 1432 Gellii
563 1391 765 1433 fellatoris
797 1393 975 1433 mollitia
1007 1393 1049 1432 in
1072 1406 1106 1433 v.
1140 1398 1163 1434 5
1196 1392 1334 1433 neseio
1367 1393 1472 1445 quid
1501 1396 1606 1434 certe
1637 1398 1695 1435 est

81 1462 106 1502 i.
129 1474 161 1502 e.
197 1462 342 1521 ‘habet
364 1474 429 1502 res
461 1462 568 1502 mira
590 1464 700 1503 certe
734 1475 854 1502 suam
877 1475 1059 1511 causam,
1093 1475 1350 1515 quamquam
1382 1464 1566 1505 nondum
1600 1466 1694 1514 8010,

79 1544 208 1584 quam
248 1524 421 1572 habeat'
467 1555 524 1560 —-
564 1535 612 1573 ut
655 1534 749 1585 apte
790 1533 1004 1573 Baehrens
1046 1533 1223 1585 explicat
1255 1548 1332 1576 —2
1381 1535 1571 1586 sequitur
1605 1536 1693 1577 eius

78 1602 324 1655 suspicionis
358 1602 602 1654 significatio
643 1615 717 1656 per
757 1603 1126 1655 interrogationem
1158 1604 1201 1643 in
1233 1617 1268 1643 v.
1292 1609 1314 1645 5
1351 1606 1392 1644 et
1426 1611 1448 1646 6
1482 1604 1593 1646 facta
1635 1619 1693 1646 an

76 1684 170 1712 vere
199 1671 320 1723 fama
351 1675 550 1712 susurrat
581 1672 695 1722 ...ἦ
728 1674 821 1713 tum
853 1686 919 1714 res
953 1673 1198 1714 adfirmatur
1229 1674 1271 1714 in
1304 1687 1339 1714 v.
1365 1680 1386 1715 6
1419 1674 1479 1715 sie
1500 1678 1604 1716 certe
1625 1679 1693 1726 est,

78 1754 178 1782 nam
203 1739 506 1794 'argumentum
546 1742 715 1783 firmum
745 1745 910 1796 praesto
956 1745 1030 1784 est.
1091 1744 1153 1784 Ea
1195 1746 1337 1785 autem
1378 1745 1427 1786 de
1468 1758 1511 1786 re
1553 1747 1693 1799 aliqua

78 1812 278 1865 suspicio,
323 1824 428 1864 quae
462 1813 595 1866 specie
629 1813 768 1865 aliqua
801 1814 888 1854 eius
922 1814 981 1854 rei
1013 1815 1192 1855 excitata
1230 1814 1377 1863 fuerit,
1419 1817 1466 1856 ut
1506 1817 1590 1857 illic
1628 1830 1691 1857 ex-

78 1883 207 1923 citata
239 1884 314 1932 est,
345 1883 412 1924 1110
451 1883 493 1922 111
524 1895 555 1923 0.
585 1883 703 1923 LXII
736 1896 770 1923 v.
799 1889 822 1925 8
855 1896 938 1924 non
971 1886 1128 1933 exstat,
1161 1884 1233 1925 sed
1264 1897 1330 1925 res
1364 1886 1597 1926 certissima
1629 1890 1692 1928 est

76 1965 213 2005 neque
245 1953 481 1994 coniectura
513 1966 614 2006 opus
648 1956 722 1994 est.

69 2142 72 2144 v
196 2093 353 2144 Quodsi
384 2106 529 2135 versus
564 2101 586 2136 6
621 2096 662 2136 et
696 2100 717 2136 7
751 2095 988 2148 puellarum
1021 2097 1140 2144 sunt,
1178 2107 1323 2135 versus
1357 2097 1500 2136 autem
1533 2102 1556 2138 8
1591 2099 1634 2138 et
1667 2104 1688 2139 9

75 2163 294 2213 iuvenum,
335 2165 618 2205 necessarium
660 2167 724 2206 est
762 2166 916 2218 primos
957 2178 1119 2218 quoque
1160 2167 1358 2217 quattuor
1396 2178 1542 2207 versus
1582 2167 1691 2208 inter

77 2234 249 2275 iuvenes
284 2236 326 2275 et
345 2235 508 2287 puellas
541 2235 801 2276 distribuere.
842 2236 935 2276 Iam
968 2248 1074 2287 quae
1108 2238 1207 2276 sunt
1237 2237 1381 2288 partes
1416 2237 1590 2278 actionis
1611 2238 1691 2278 hac

76 2304 236 2345 variata
267 2317 465 2345 versuum
497 2305 755 2358 singulorum
788 2307 1053 2358 responsione
1087 2306 1289 2347 effectae?

193 2376 254 2416 Ac
284 2375 466 2428 primum
489 2376 657 2428 quidem
690 2377 793 2417 satis
817 2378 981 2417 constat
1004 2377 1177 2417 carmini
1201 2378 1433 2425 311100113οο,
1468 2390 1548 2429 quo
1580 2378 1690 2419 inter

75 2446 275 2498 utrosque
316 2447 521 2495 certatur,
563 2447 806 2488 antecedere
850 2447 1108 2500 prooemium
1149 2447 1337 2499 aliquod,
1379 2460 1459 2500 quo
1498 2448 1539 2488 id
1579 2449 1689 2489 inter

77 2514 180 2555 duos
212 2515 356 2556 choros
394 2518 605 2558 certamen
636 2519 821 2570 paratur.
882 2518 983 2557 Eius
1017 2518 1159 2557 autem
1191 2518 1390 2570 prooemii
1432 2530 1480 2559 ea
1512 2519 1577 2559 est
1609 2531 1687 2567 ars,

76 2586 125 2624 ut
156 2597 306 2626 scaena
338 2588 380 2626 et
412 2587 518 2627 actio
550 2587 650 2640 ipsis
684 2588 899 2640 agentium
932 2588 1192 2628 sermonibus
1234 2589 1343 2629 inter
1376 2601 1418 2629 se
1452 2589 1613 2629 collatis
1647 2590 1688 2629 et

75 2656 272 2708 oppositis
305 2656 391 2697 sine
423 2657 510 2697 ulla
541 2658 736 2698 violentia
769 2670 792 2698 a
823 2660 946 2711 poeta
966 2658 1086 2710 plene
1108 2660 1458 2711 repraesentetur.
1522 2658 1603 2699 Sed
1637 2659 1685 2699 de

75 2725 336 2778 singulorum
376 2727 596 2768 verborum
641 2729 707 2769 vel
753 2729 937 2769 locorum
978 2729 1321 2781 interpretatione
1370 2729 1574 2770 videndus
1623 2730 1687 2769 est

73 2795 277 2849 imprimis
309 2797 555 2839 Baehrensii
587 2800 909 2840 commentarius
943 2799 1154 2840 doctrinae
1186 2799 1358 2852 plenus3
1397 2812 1471 2840 nos
1504 2800 1686 2852 plerum-
