2013 3223
976 121 1140 177 1111Ϋὲ1
1158 176 1171 177 1

255 258 356 286 usus
390 247 466 295 est,
498 246 642 285 manet
676 245 818 284 tamen
841 243 946 284 illud
979 244 1057 296 ipsi
1080 246 1226 296 poetae
1259 243 1344 284 iam
1377 244 1497 295 longe
1531 243 1662 284 alium
1695 244 1884 284 animum

256 328 344 358 esse
379 318 506 368 atque
542 316 677 355 antea.

373 386 482 426 Nam
515 385 567 426 ad
599 384 742 425 fratris
775 385 956 424 mortem
990 384 1118 425 etiam
1152 384 1266 425 aliud
1299 386 1554 432 accesserat,
1598 384 1707 436 quod
1741 383 1886 425 Catul-

255 458 344 498 lum
376 469 457 496 non
491 456 627 495 solum
661 467 683 494 a
719 448 916 515 ‘studiis’
953 454 1157 507 prioribus
1192 455 1215 494 i.
1249 468 1282 495 e.
1316 467 1339 495 a
1373 455 1608 495 carminum
1640 454 1764 506 nugis
1802 454 1884 495 illis

255 529 296 568 ct
328 526 550 568 levioribus
584 525 742 577 primae
777 525 1088 566 adulescentiae
1122 526 1285 566 lusibus
1320 526 1593 566 abstrahebat
1634 526 1675 566 et
1707 524 1759 565 ad
1791 537 1886 578 poe-

256 598 319 638 sin
352 597 545 637 altiorem
578 608 758 647 veroque
802 596 931 636 animi
977 596 1129 649 spiritu
1161 596 1486 637 incalescentem
1518 596 1769 644 deducebat,
1811 595 1885 636 sed

256 667 364 720 quod
408 667 534 707 etiam
568 665 723 715 effecit,
769 668 812 706 ut
856 667 889 706 is
926 667 1083 727 tomnis
1118 666 1287 707 delicias
1322 659 1467 707 ‘animi'
1513 667 1628 719 prius
1673 666 1885 718 quaesitas

256 739 308 791 (v.
344 738 414 790 26)
457 737 480 777 i.
514 749 546 777 e.
580 737 691 777 leves
735 737 889 777 amoris
934 738 1051 777 lusus
1094 738 1215 789 longe
1251 737 1499 790 depelleret,
1540 737 1716 778 Lesbiae
1759 748 1885 786 amor,

257 821 361 861 quae
404 821 501 848 cum
546 807 675 848 semel
715 807 885 848 domina
917 809 1063 860 poetae
1097 807 1207 848 facta
1242 810 1364 856 esset,
1407 810 1545 848 totum
1578 807 1666 847 eius
1701 807 1888 848 animum

256 879 447 931 explebat
481 880 608 930 atque
632 878 761 919 etiam
784 880 927 931 spreta
960 879 1001 918 in
1035 879 1235 919 memoria
1269 880 1484 919 et*mente
1518 878 1607 918 eius
1642 889 1725 918 una
1757 877 1888 919 domi-

254 950 447 990 nabatur.
511 948 641 990 Cuius
685 961 801 989 amor
842 951 987 1002 postea
1032 949 1246 1002 depositus
1286 949 1463 1010 ‘expulit
1495 961 1543 989 ex
1576 948 1687 989 omni
1719 950 1887 1001 pectore

257 1020 439 1061 laetitias
453 1013 475 1059 '.

369 1162 478 1202 Hinc
527 1161 585 1201 ad
635 1162 833 1202 exitum
874 1161 1123 1201 carminis
1168 1162 1241 1213 (z
1276 1174 1309 1200 v.
1356 1161 1620 1213 149—160)
1665 1163 1888 1201 transeun-

254 1233 353 1273 dum
387 1235 462 1273 est.

370 1302 457 1343 Hos
501 1302 671 1354 quidem
713 1315 857 1342 versus
908 1302 958 1343 ab
999 1302 1264 1342 antecedenti
1311 1302 1443 1354 elegia
1491 1303 1532 1342 111
1571 1302 1670 1342 Allii
1718 1301 1886 1342 laudem

251 1373 363 1414 facta-
396 1385 468 1426 per
501 1385 645 1413 rerum
678 1385 881 1413 conexum
916 1373 1102 1425 separari
1143 1385 1224 1412 11011
1259 1384 1380 1425 posse
1413 1385 1534 1413 nemo
1567 1372 1758 1425 negavit,
1800 1372 1885 1413 sive

252 1444 364 1484 illius
398 1445 562 1497 partem
598 1455 688 1484 esse
723 1443 826 1483 dixit
849 1444 936 1483 sive
962 1443 1202 1496 epistolium
1238 1443 1296 1483 illi
1333 1443 1523 1484 additum
1557 1444 1642 1484 sive
1677 1443 1886 1496 epilogum

253 1515 437 1567 aliquem
470 1514 601 1555 totius
636 1514 843 1555 carminis.

369 1587 507 1637 Atque
544 1585 585 1624 in
618 1585 682 1625 his
716 1585 906 1625 versibus
940 1587 1059 1625 tanta
1093 1597 1112 1625 e
1146 1584 1343 1625 medullis
1377 1585 1529 1625 amoris
1563 1584 1623 1625 vis
1657 1586 1699 1625 et
1730 1585 1885 1625 verit-as

251 1656 498 1710 prorumpit,
533 1658 691 1707 quanta
725 1656 854 1696 semel
890 1658 1059 1696 tantum
1092 1656 1132 1695 in
1168 1656 1252 1696 vita
1297 1659 1384 1696 tam
1417 1656 1531 1696 brevi
1563 1657 1734 1708 poetam
1767 1667 1887 1695 occu-

252 1727 379 1780 pavit,
414 1728 460 1766 ut
492 1727 559 1767 hic
592 1727 673 1766 alia
706 1727 823 1767 nulla
856 1727 996 1779 puella
1031 1727 1255 1779 significari
1289 1727 1432 1780 possit,
1465 1726 1544 1767 nisi
1577 1726 1650 1766 illa
1683 1725 1734 1766 ad
1758 1738 1886 1778 quam

253 1798 383 1850 elegia
416 1797 611 1850 pertinet.
673 1797 789 1838 Haec
812 1800 957 1838 autem
981 1798 1113 1850 elegia
1145 1797 1283 1839 felicia
1317 1800 1357 1838 et
1390 1797 1576 1838 infausta
1609 1797 1698 1837 eius
1732 1796 1884 1837 amoris

252 1869 371 1909 initia
413 1881 509 1909 cum
552 1869 665 1908 varia
709 1868 937 1909 affectuum
978 1871 1020 1909 et
1064 1869 1372 1921 cogitationum
1411 1868 1683 1909 fluctuatione
1722 1867 1885 1920 aperuit

252 1941 405 1980 Artum
449 1941 592 1980 autem
636 1951 726 1980 esse
759 1939 912 1979 harum
944 1940 1129 1992 partium
1163 1952 1364 1980 conexum
1398 1939 1544 1979 statim
1577 1939 1749 1979 denotat
1780 1937 1886 1978 illud

253 2010 294 2050 in
327 2010 526 2063 principio
569 2010 723 2062 epilogi
757 2010 809 2063 (v.
848 2010 946 2062 149)
979 2010 1163 2063 positum
1209 2010 1306 2070 (hoc
1339 2042 1373 2050 ..
1409 2001 1598 2050 munus³.
1643 2021 1724 2061 quo
1766 2020 1886 2049 voca-

252 2081 349 2121 bulo
384 2081 512 2121 etiam
547 2093 653 2132 quae
687 2081 727 2120 in
761 2081 898 2133 prima
930 2083 1048 2133 parte
1081 2081 1355 2121 nominantur
1391 2072 1602 2141 ‘munera’
1641 2079 1772 2120 amico
1812 2079 1886 2119 tri-

253 2151 418 2192 buenda
451 2159 504 2205 (pv.
539 2152 610 2204 32)
644 2151 779 2192 denuo
814 2154 1060 2204 tanguntur.

372 2222 533 2263 Versus
567 2224 711 2262 autem
748 2228 977 2263 149——152
1013 2222 1070 2262 sic
1104 2222 1270 2263 exhibet
1305 2221 1518 2263 Schwabei
1551 2223 1711 2262 textus:

490 2292 583 2333 Hoc
615 2292 692 2333 tibi
725 2292 837 2344 quod
860 2293 986 2344 potui
1018 2292 1246 2345 confectum
1280 2293 1468 2334 carmine
1500 2306 1655 2332 mzcmcs

548 2362 634 2403 Pro
668 2362 823 2412 maltis,
858 2362 964 2413 Alli,
998 2363 1191 2404 redditur
1223 2363 1387 2416 officiis,

491 2433 557 2475 Ne
589 2437 768 2475 ves-treme
801 2434 952 2475 scabra
984 2437 1130 2486 tanyat
1163 2434 1356 2487 rubigine
1388 2446 1535 2475 nomen

550 2504 670 2546 Haec
702 2508 829 2557 atque
865 2503 941 2545 illa
974 2505 1062 2545 dics
1095 2508 1219 2556 atquc
1253 2504 1345 2545 alia
1379 2508 1502 2557 atque
1535 2503 1638 2545 alia.

257 2575 337 2617 Sed
372 2576 470 2627 quid
504 2588 615 2616 nunc
649 2576 726 2616 sibi
759 2576 851 2616 vult
884 2576 925 2616 in
958 2589 993 2616 v.
1019 2580 1101 2617 150
1135 2576 1258 2628 vulgo
1292 2577 1509 2628 receptum
1541 2589 1692 2617 nomen
1729 2566 1882 2636 (Alli‘2)

256 2645 365 2698 quod
398 2646 654 2687 Baehrensio
702 2649 792 2687 tam
833 2649 998 2688 certum
1039 2646 1277 2695 videbatur,
1326 2649 1374 2687 ut
1412 2647 1452 2687 in
1495 2646 1792 2687 commentario
1830 2657 1882 2686 ne

255 2718 602 2758 commemoraret
649 2716 819 2769 quidem
863 2717 1014 2758 codicis
1058 2716 1095 2756 V
1143 2717 1367 2758 lectionem
1417 2709 1562 2778 (aliisss
1610 2729 1737 2769 quam
1784 2715 1883 2757 Itali

254 2789 528 2828 mut-averunt
560 2788 602 2828 in
632 2800 783 2829 nomen
808 2779 995 2849 ‘Manliss
1029 2786 1216 2840 Scaliger
1252 2779 1387 2848 ι11111).
1430 2788 1621 2828 Primum
1653 2786 1694 2827 id
1726 2786 1884 2828 falsum
