2013 3223
867 160 917 197 19

88 300 163 328 ner
205 287 230 327 1.
273 299 304 328 c.
343 286 366 327 I
412 299 450 339 p.
491 289 643 336 3568q.
685 285 727 324 et
763 284 806 324 in
845 285 892 324 A.
933 284 1214 326 Baumeisteri
1269 286 1528 329 Deozkmc'c'ler
1567 289 1604 330 d.
1645 290 1696 331 kl.

87 356 141 397 A.
172 370 204 396 S.
235 369 270 396 v.
311 354 496 397 Weberei
526 354 592 394 ΠΙ
631 367 669 406 p.
701 357 833 401 20853
878 354 1065 406 picturae
1103 356 1337 408 exemplum
1375 359 1602 411 repetitum
1634 363 1698 402 est

88 438 108 467 e
139 425 257 466 Mon.
288 425 394 467 Inst.
426 426 488 466 IX
518 430 586 466 42.

203 496 322 536 Tales
362 496 490 548 igitur
528 495 686 547 figurae
728 495 962 536 subtemine
1003 495 1159 537 inserto
1192 496 1481 539 efficiebantur
1518 499 1567 541 cf.
1598 501 1624 541 1.
1658 515 1690 542 c.

85 566 107 607 I
136 579 175 619 p.
210 572 304 607 129.
367 565 447 607 Sed
491 565 688 617 quoniam
729 565 778 606 ab
821 566 910 606 arte
951 566 1092 618 aliqua
1131 567 1417 609 Romanarum
1457 571 1695 622 puellarum

89 649 137 678 ea
170 649 236 677 ars
267 636 460 677 insuendi
502 637 574 676 aut
611 635 822 676 intexendi
860 636 1023 688 palmas
1060 637 1174 678 nullo
1215 638 1336 678 modo
1374 641 1507 692 repeti
1546 643 1696 694 potest,

84 707 189 748 haec
221 719 287 748 ars
321 707 371 747 ad
413 718 583 759 graecas
623 706 785 759 puellas
826 706 1043 747 referenda
1084 708 1165 756 est,
1208 708 1357 760 quibus
1401 708 1567 763 Sappho
1605 711 1696 766 ipsa

86 790 135 818 ex
164 789 244 818 usu
277 777 481 818 cotidiano
514 777 556 817 et
587 776 750 828 vulgari
782 788 874 817 eam
906 778 1040 817 artem
1070 777 1230 818 tribuit.
1283 778 1391 829 Quid
1424 781 1532 832 quod
1564 795 1696 823 unum

88 847 238 888 saltem
269 847 553 900 fragmentum
585 859 634 887 ex
666 847 754 887 eius
787 847 1039 887 carminibus
1072 849 1227 897 exstat,
1258 849 1301 889 in
1340 862 1419 902 quo
1463 851 1551 892 eius
1593 853 1694 893 artis

85 930 175 958 mos
231 919 272 959 et
319 917 573 959 consuetudo
621 918 811 970 apparet,
859 917 910 957 ab
950 916 1294 969 Hephaestione²
1340 932 1378 972 p.
1428 926 1479 962 65
1528 921 1601 975 (=
1647 922 1695 962 fr.

87 988 235 1041 90133)
270 989 483 1030 servatum
513 987 611 1034 hoc;

320 1059 491 1114 γλύκεια
522 1063 667 1113 μᾶτερ,
700 1056 816 1099 οὗτοι
848 1057 1031 1110 δύναμαι
1062 1056 1212 1114 κρέκην
1242 1059 1314 1100 τὸν
1344 1056 1474 1111 ἴστον,

316 1129 448 1185 πόθῳ
481 1129 663 1182 ὁάμεισα
694 1128 854 1177 παῖδος
883 1125 1090 1183 βραόίναν
1122 1121 1186 1170 δι’
1218 1122 1491 1185 Ἀφροδίταν.

82 1199 244 1257 κρέκειν
275 1202 437 1250 autem,
469 1200 578 1241 unde
612 1199 847 1240 derivatum
880 1201 944 1240 est
983 1199 1134 1255 κροκή,
1175 1199 1224 1241 de
1266 1201 1499 1242 subtemine
1541 1202 1693 1244 dicitur

84 1271 133 1312 cf.
164 1271 216 1312 H.
247 1271 448 1312 Blumner
484 1271 511 1310 1.
553 1283 584 1311 c.
621 1270 643 1310 I
673 1283 711 1323 p.
756 1275 859 1319 124,
900 1282 981 1322 qua
1021 1282 1117 1311 cum
1160 1269 1352 1323 Sapphus
1392 1273 1532 1325 puella
1562 1273 1696 1314 Hora-

83 1343 199 1383 tiana
237 1342 310 1382 illa
345 1341 531 1382 Neobule
569 1340 847 1393 comparanda
885 1342 949 1381 est
985 1353 1017 1381 c.
1050 1340 1116 1380 ΠΙ
1152 1345 1224 1390 12,
1257 1342 1324 1382 cui
1361 1341 1545 1393 qualum,
1578 1343 1692 1394 telas,

83 1425 354 1464 operosaeque
385 1410 612 1452 Minervae
642 1410 830 1451 studium
861 1411 963 1451 item
995 1423 1110 1451 amor
1143 1410 1290 1452 aufert.

197 1483 369 1524 Accedit
400 1483 481 1523 alia
513 1494 651 1530 causa,
684 1494 757 1522 cur
787 1481 972 1534 palmam
1015 1481 1132 1521 illam
1166 1480 1447 1523 Catullianam
1479 1483 1694 1534 intextam,

80 1566 163 1594 non
194 1554 380 1594 insutam
413 1552 635 1605 significari
665 1553 875 1605 putemus.

195 1623 245 1664 In
285 1623 470 1664 Helenae
512 1621 780 1676 epithalamio
813 1621 1054 1662 Theocriteo
1097 1622 1327 1663 laudantur
1366 1636 1496 1665 novae
1536 1626 1691 1678 nuptae

81 1695 192 1735 artes
223 1694 288 1734 his
319 1694 506 1735 versibus
540 1706 571 1735 c.
603 1692 750 1734 XVIII
784 1697 976 1734 32—34:

314 1762 407 1805 οἵτε
438 1780 504 1814 τις
535 1762 582 1806 ἐκ
611 1763 784 1821 ταλάρω
816 1760 1071 1807 πανίσὸεται
1102 1762 1204 1822 ἔργα
1235 1771 1428 1817 τοιαῦτα,

314 1826 405 1876 οἵτ’
442 1834 501 1876 ἐνὶ
534 1834 745 1891 δαιδαλέᾳ)
778 1836 1064 1891 πυκινώῑερον
1096 1835 1241 1892 ἅτριον
1274 1833 1377 1894 ἱστῷ

314 1903 475 1961 κερκίδι
506 1905 790 1959 συμπλέξασα
820 1915 996 1962 μακρῶν
1027 1899 1154 1960 {vaist
1191 1905 1239 1948 ἐκ
1269 1906 1516 1948 κελεόντων·

78 1976 150 2017 ubi
187 1977 488 2030 posterioribus
538 1977 700 2018 duobus
752 1978 941 2018 versibus
993 1990 1060 2018 ars
1102 1978 1144 2018 in
1184 1978 1436 2019 firmissimis
1477 1979 1692 2020 textilibus

79 2047 300 2100 conspicua
331 2048 578 2097 celebratur,
617 2060 722 2100 quae
764 2048 798 2088 si
839 2048 1023 2101 perfecta
1065 2050 1165 2089 sunt
1205 2061 1226 2090 e
1270 2049 1446 2101 geminis
1491 2050 1585 2090 telis
1629 2048 1692 2104 (ἐκ

72 2116 317 2171 ψκελεόντων)
360 2120 556 2159 secantur
596 2118 644 2159 cf.
685 2119 737 2159 Η.
769 2119 970 2160 Bliimner
1010 2120 1034 2159 1.
1076 2132 1107 2160 c.
1140 2119 1160 2159 Ι
1200 2133 1238 2173 p.
1273 2124 1367 2161 148.
1429 2120 1538 2160 Nam
1579 2122 1691 2162 recte

78 2187 153 2240 hic¹
183 2188 246 2229 vir
284 2188 433 2230 doctus
471 2189 492 2229 I
529 2202 567 2242 p.
603 2194 696 2239 144,
732 2196 751 2230 1
787 2190 996 2243 propriam
1029 2190 1218 2231 vocabuli
1254 2182 1437 2251 (ἷρτριον)
1478 2191 1691 2232 notionem

77 2258 137 2298 ita
167 2258 478 2311 interpretatur,
509 2261 558 2299 ut
589 2260 836 2301 subteminis
869 2260 921 2301 ad
954 2262 1118 2301 stamen
1151 2261 1299 2301 adnexi
1329 2261 1457 2302 nodos
1483 2262 1695 2314 significet-

77 2329 102 2369 i.
149 2341 182 2369 e.
228 2328 422 2379 Masche,
469 2328 681 2382 Schlinye,
735 2331 806 2383 qui
857 2344 937 2383 quo
988 2331 1162 2372 artiores
1217 2331 1324 2372 fiunt
1380 2333 1422 2372 et
1475 2332 1697 2383 firmiores,

78 2410 124 2439 eo
168 2398 328 2440 firmius
370 2399 555 2441 efficiunt
601 2401 766 2450 textile,
810 2401 881 2442 sed
925 2413 973 2442 ea
1012 2402 1212 2454 primaria
1251 2402 1365 2443 notio
1408 2415 1502 2443 mox
1545 2404 1692 2457 ampli-

77 2468 225 2509 ficatur
264 2470 308 2510 in
356 2470 443 2511 loco
484 2471 727 2512 Theocriteo
767 2484 840 2524 per
883 2472 1072 2512 additum
1113 2471 1217 2512 illud
1255 2481 1432 2527 μακρῶν
1471 2465 1599 2526 ἔταμ)
1644 2472 1693 2515 ἐκ

77 2538 301 2580 κελεόντων
331 2540 401 2590 ita,
431 2542 480 2581 ut
509 2553 583 2594 per
615 2542 901 2595 synecdochen
932 2542 1071 2595 ipsu‘m
1103 2543 1246 2584 textile
1278 2544 1415 2584 totum
1446 2544 1694 2597 intellegen-

79 2607 178 2649 dum
212 2609 277 2649 sit.

193 2679 303 2720 Huic
341 2681 550 2721 textilium
592 2682 796 2723 coloribus
842 2682 1071 2734 figurisque
1119 2695 1201 2723 non
1251 2684 1508 2725 variatorum
1550 2686 1690 2738 generi

76 2750 298 2802 apponitur
330 2751 440 2804 apud
472 2752 739 2793 Theocritum
773 2753 951 2793 alterum
982 2753 1171 2794 texturae
1204 2766 1346 2806 genus.
1408 2754 1539 2796 Vetat
1579 2756 1689 2797 enim

75 2831 124 2860 ea
162 2820 253 2872 ipsa
295 2821 524 2862 collationis
556 2823 663 2863 ratio
694 2823 796 2863 illud
829 2820 1089 2878 πηνίζεσθαι
1121 2824 1181 2865 ita
1212 2824 1419 2877 intellegi:
1452 2825 1530 2866 clas
1564 2825 1689 2867 Garn

1354 2896 1407 2928 *2ἢέ
