2013 3223
785 145 926 202 „123

79 279 117 320 p.
152 271 205 308 89
240 290 293 296 ——
327 267 441 307 rivus
473 267 656 319 primum
687 267 730 308 in
762 268 915 308 vertice
953 268 1028 308 alti
1067 268 1224 308 montis
1266 267 1506 320 prosiliens,
1550 267 1698 309 deinde

79 349 153 390 per
183 337 455 390 praecipitem
486 337 639 377 vallem
671 338 867 378 deorsum
900 350 989 379 sese
1022 338 1203 386 volvens,
1236 337 1414 389 denique
1446 338 1487 377 in
1525 338 1698 390 planitie

81 407 191 448 viam
232 407 417 459 aliquam
467 420 591 448 cursu
633 408 853 461 placidiore
903 409 944 449 et
984 408 1242 462 pedetentim
1284 400 1529 449 transiens'.
1592 409 1699 449 Tum

80 478 176 530 apte
209 479 251 518 et
284 477 480 518 concinne
513 478 601 518 eius
641 479 832 518 vocabuli
871 479 1084 519 notionem
1123 478 1241 519 docet
1282 480 1324 519 et
1363 477 1500 531 pergit
1541 491 1578 531 p.
1622 483 1698 520 90:

83 547 253 609 (Itaque
287 547 397 600 apud
430 547 646 589 Catullum
687 549 764 589 hoc
797 549 1041 589 adverbium
1085 540 1309 608 ‹sensimss
1351 549 1547 600 quoniam
1587 549 1699 589 lente

79 617 216 658 rivum
255 618 475 670 procedere
527 618 751 671 significat,
793 619 895 659 satis
939 619 1200 660 demonstrat
1237 619 1476 672 pervenisse
1519 631 1616 659 eum
1657 619 1700 659 in

77 688 309 741 planitiem.
371 690 509 740 Atque
542 691 590 729 ut
620 689 838 742 planitiem
871 689 1119 742 cogitatione
1153 688 1425 729 informemus
1450 688 1698 730 adducimur

79 758 208 799 etiam
240 770 298 806 eo,
331 758 441 810 quod
473 758 683 799 adiectum
716 761 779 799 est
813 759 894 799 iter
919 750 1103 810 populi'.
1590 745 1597 749 ”

198 827 413 879 Quomodo
447 830 589 869 autem
622 829 663 869 id
695 829 784 870 fieri
815 831 967 883 potest,
999 832 1048 869 ut
1079 829 1193 869 rivus
1226 829 1305 870 iter
1346 841 1471 869 sunm
1509 829 1700 870 conficiat

83 911 157 952 per
187 899 373 940 medium
404 899 572 952 populi‘.>
608 903 680 940 aut
712 902 759 940 ut
791 900 976 940 medium
1008 900 1090 940 iter
1112 900 1253 952 populi
1276 899 1531 940 transeundo
1555 901 1699 940 secet?

78 971 139 1011 Ac
170 970 205 1009 si
235 982 308 1022 per
341 982 383 1010 se
415 970 601 1022 intellegi
632 971 764 1023 possit
796 972 965 1023 pontem
996 970 1039 1010 in
1071 982 1117 1010 eo
1141 969 1301 1011 factum
1324 982 1426 1018 esse,
1459 982 1532 1011 cur
1553 972 1699 1023 poetae

77 1041 221 1081 tamen
261 1040 543 1081 necessarium
582 1040 719 1080 visum
761 1042 825 1080 est
856 1052 930 1092 per
961 1039 1143 1080 mediam
1176 1041 1287 1080 viam
1318 1040 1456 1080 rivum
1497 1039 1700 1081 fluentem

82 1110 247 1151 facere?
281 1110 352 1150 sed
386 1110 420 1150 si
450 1112 616 1163 praeter
648 1111 758 1150 viam
790 1110 882 1150 fluit
907 1110 991 1151 sive
1023 1109 1358 1163 praeterfluendo
1391 1111 1502 1151 viam
1535 1110 1699 1156 transit,

82 1180 241 1221 transit
269 1180 351 1221 iter
377 1179 526 1231 populi
557 1182 669 1221 recte
702 1180 864 1221 dicitur.

199 1251 309 1292 Nam
341 1251 587 1291 transeundi
619 1251 792 1291 verbum
824 1264 905 1291 non
938 1252 1073 1292 solum
1106 1251 1209 1291 duas
1236 1251 1328 1291 illas
1354 1263 1457 1303 quas
1476 1252 1530 1291 M.
1554 1251 1702 1304 Haupt

81 1323 107 1362 1.
140 1334 172 1362 c.
206 1322 424 1362 constituit
454 1322 643 1362 notiones
676 1321 827 1362 habere
860 1324 1010 1374 potest.
1044 1321 1115 1362 sesl
1148 1323 1244 1361 tres.
1301 1321 1489 1382 tTransit
1523 1322 1600 1362 iter
1632 1333 1702 1374 po-

83 1385 188 1446 puli’
224 1392 454 1433 secundum
489 1392 662 1445 Hauptii
694 1393 1083 1444 interpretationem
1118 1395 1191 1432 aut
1234 1392 1305 1443 qui
1348 1392 1459 1432 viam
1503 1392 1701 1444 aliquam,

83 1475 158 1517 per
189 1475 316 1514 quam
347 1462 394 1502 fit
425 1463 505 1502 iter
536 1462 700 1514 populi.
742 1462 995 1502 transmittit
1037 1463 1121 1502 sive
1165 1465 1279 1502 secat
1321 1464 1393 1502 aut
1434 1463 1468 1502 is
1510 1462 1581 1514 qui
1622 1462 1702 1502 iter

83 1545 208 1574 suum
255 1545 328 1585 per
360 1544 525 1573 omnem
559 1533 646 1572 eius
681 1533 769 1572 viae
804 1533 1105 1585 longitudinem
1141 1532 1396 1573 transeundo
1437 1532 1612 1573 conficit.
1647 1555 1704 1560 —

83 1603 165 1645 Sed
199 1603 438 1644 addendum
471 1606 533 1643 est
556 1603 691 1643 rivum
715 1604 843 1644 etiam
865 1604 924 1643 ita
946 1604 1026 1643 iter
1057 1603 1197 1656 populi
1222 1649 1232 1664 ί
1251 1595 1465 1650 transire’‚
1497 1605 1545 1643 ut
1576 1603 1701 1643 huius

81 1675 173 1723 iter,
204 1687 286 1714 non
320 1686 455 1721 suum,
487 1686 561 1726 per
594 1674 805 1725 quandam
837 1674 1141 1726 longitudinem
1165 1673 1467 1726 praeterfluens
1501 1673 1702 1714 conficiat.

81 1745 192 1786 Nam
226 1744 324 1797 quid
357 1746 445 1784 tam
479 1744 703 1796 singularis
745 1744 823 1784 rivi
864 1745 1039 1785 alicuius
1083 1744 1266 1784 condicio
1307 1744 1426 1786 velit.
1469 1744 1539 1796 qui
1580 1744 1703 1790 viam,

81 1828 155 1870 per
187 1827 313 1868 quam
347 1815 427 1855 iter
459 1815 505 1855 fit
536 1815 688 1868 populi.
721 1817 855 1855 totam
889 1815 939 1855 ab
972 1815 1089 1855 initio
1123 1827 1256 1866 usque
1292 1814 1342 1854 ad
1374 1814 1500 1854 finem
1533 1814 1704 1854 comite-

81 1888 153 1927 tur
185 1888 227 1926 et
257 1885 541 1939 praeterfluat,
575 1886 798 1926 obscurum
832 1887 907 1926 est.
970 1885 1192 1925 Praeterea
1227 1884 1387 1925 accedit
1418 1885 1543 1925 tertia
1585 1895 1704 1937 prae-

81 1956 273 1998 tereundi
306 1957 391 1996 sive
427 1956 651 2008 superandi
674 1956 786 1996 notio
821 1957 886 1996 vel
918 1956 1129 1996 hominem
1163 1956 1227 1996 vel
1260 1955 1409 1996 locum.
1442 1955 1555 1995 ultra
1579 1966 1704 2006 quem

81 2027 175 2080 quis
208 2026 428 2067 antecedit.
489 2026 549 2068 Ut
582 2025 754 2068 Ovidius
787 2028 885 2067 met.
918 2026 955 2066 X
989 2031 1069 2068 672
1105 2026 1153 2066 de
1187 2025 1409 2065 Atalanta:

533 2095 812 2148 Consequitur
843 2096 1079 2148 transitque
1110 2096 1247 2135 virum

83 2181 139 2210 sc.
171 2180 308 2216 cursu,
340 2180 435 2208 mox
466 2170 609 2208 tamen
642 2168 732 2221 ipsa
764 2180 910 2208 rursus
953 2180 988 2207 v.
1031 2172 1113 2208 680
1162 2166 1411 2227 (praeterita
1453 2168 1516 2206 est
1554 2156 1704 2218 virgo'.

83 2238 200 2280 Adde
232 2251 267 2279 v,
303 2243 383 2279 686
419 2237 468 2278 cf.
502 2244 580 2280 691
624 2240 665 2278 et
705 2238 754 2278 de
788 2237 972 2290 fugiente
1006 2237 1153 2278 Medea
1196 2236 1279 2277 VII
1321 2241 1417 2278 368.
1481 2235 1561 2277 Sed
1601 2236 1704 2276 haec

81 2309 193 2350 notio
227 2308 464 2350 Catulliano
496 2309 584 2349 loco
616 2321 698 2349 non
731 2311 794 2349 est
828 2310 937 2361 apta.

199 2379 349 2432 Itaque
395 2391 486 2439 kper
523 2379 708 2420 medium
755 2379 872 2419 densi
914 2379 1067 2418 transit
1106 2378 1185 2418 iter
1226 2369 1384 2431 populi'
1429 2377 1544 2418 nullo
1583 2375 1704 2417 modo

81 2450 269 2502 intellegi
299 2451 449 2503 potest.

203 2520 283 2562 Sed
325 2511 523 2582 ‘sensim'
580 2520 630 2560 ad
672 2520 801 2561 totius
844 2520 922 2560 loci
970 2519 1173 2559 rationem
1217 2518 1572 2560 accommodatius
1614 2528 1704 2558 esse

82 2591 229 2644 negari
260 2590 394 2631 debet.
454 2590 584 2631 Inane
623 2590 670 2631 fit
702 2590 743 2630 id
784 2590 1052 2637 vocabulum,
1094 2590 1128 2629 si
1171 2589 1251 2630 duo
1293 2590 1516 2641 sequentes
1559 2598 1705 2628 versus

83 2661 376 2702 adsciscuntur
389 2674 398 2700 ε

320 2729 456 2771 Dulce
485 2730 641 2771 viatori
673 2730 784 2771 lasso
814 2731 862 2770 in
893 2730 1043 2770 sudore
1076 2729 1270 2778 levamen,

383 2799 488 2842 Cum
518 2801 664 2853 yravis
695 2803 858 2842 exustos
889 2803 1029 2841 aestus
1060 2798 1223 2840 hiulcat
1253 2811 1387 2852 agros.
