2013 3223
1058 135 1137 171 116

283 278 322 318 p.
356 264 468 316 266.)
502 264 612 304 certe
656 273 688 301 c.
721 258 914 300 LXVIII.
978 258 1030 298 Et
1074 271 1242 299 carmen
1284 258 1421 299 LXVI
1464 270 1484 299 e
1517 258 1775 299 Callimacho
1815 270 1910 299 con-

284 347 466 383 versum,
499 332 581 374 etsi
615 331 679 393 tin
711 330 842 370 tantis
883 323 1167 370 maeroribus'
1211 330 1382 382 propter
1419 328 1562 369 fratris
1600 331 1780 370 mortem
1823 330 1914 370 erat

284 406 337 460 (v.
374 404 457 457 15),
490 403 622 444 amico
653 401 842 441 Romano
876 398 922 450 Q.
955 399 1182 441 Hortensio
1217 399 1361 441 Ortalo
1406 399 1522 440 misit
1560 400 1686 440 simul
1729 412 1825 441 cum
1866 411 1913 441 ea

287 476 482 530 epistula,
521 485 627 525 quae
661 471 857 513 carminis
898 470 1012 510 LXV
1056 471 1145 512 loco
1186 473 1453 519 numeratur,
1495 483 1570 511 nec
1610 472 1703 511 tum
1744 470 1914 511 demum

287 547 480 598 rogatus,
512 543 553 583 id
587 542 697 594 quod
730 542 915 594 arguunt
947 553 1092 582 versus
1128 547 1178 583 17
1214 543 1256 582 et
1290 547 1342 583 18
1377 541 1425 582 cf.
1457 541 1566 582 infra
1596 554 1634 594 p.
1671 545 1826 593 124sq.
1857 563 1915 570 —

288 616 369 658 Sed
414 615 494 656 alia
537 615 601 654 est
642 624 770 653 causa
812 614 853 653 et
897 611 1002 652 alius
1045 611 1143 652 ordo
1184 613 1380 653 carminis
1428 611 1630 654 LXVIII.
1679 611 1790 664 quod
1831 623 1912 652 non

287 687 391 727 item
425 686 466 726 in
500 683 726 737 epistulam
759 684 802 723 et
842 682 1021 735 elegiam
1054 683 1239 736 separari
1278 685 1428 736 potest.
1490 682 1600 722 Nam
1643 682 1694 722 ad
1737 682 1914 734 elegiam

284 755 526 797 referuntur
569 753 719 807 epilogi
768 753 996 805 quaedam,
1046 753 1256 805 simulque
1307 753 1566 806 prooemium
1606 753 1691 793 sive
1734 752 1915 805 epistula

287 827 446 880 epilogo
481 825 752 866 continuatur
785 825 827 864 et
860 823 1091 877 suppletur.

402 896 625 937 Praeterea
674 907 748 936 cur
794 894 996 935 miremur
1053 907 1148 935 cum
1195 894 1450 935 Baehrensio
1498 894 1749 946 Rieseoque‚
1805 891 1916 945 quod

284 967 409 1008 huius
444 967 649 1020 epistulae
684 966 815 1006 oratio
847 977 993 1018 prosae
1028 966 1092 1006 est
1125 965 1300 1005 similior
1334 989 1386 994 —
1430 964 1539 1017 quod
1583 964 1744 1018 primus
1776 963 1917 1004 West-

283 1039 384 1092 phal
417 1052 454 1091 p.
489 1044 539 1079 71
577 1036 814 1078 observavit
847 1061 899 1065 —
944 1038 986 1077 et
1029 1036 1314 1077 diversissima
1357 1036 1407 1077 ab
1450 1035 1606 1088 elegiae
1650 1036 1758 1084 arte,
1799 1034 1916 1075 nulla

282 1109 369 1150 iam
404 1110 542 1150 exstat
571 1120 710 1149 cansa.-

404 1179 497 1220 Iam
539 1191 636 1219 vero
678 1177 788 1230 quod
840 1190 888 1218 ex
929 1177 993 1217 his
1045 1189 1150 1229 quae
1193 1177 1505 1218 enucleavimus
1548 1176 1743 1217 credibile
1784 1175 1916 1217 videri

283 1251 428 1304 potest
459 1250 629 1302 poetam
662 1248 840 1300 elegiam
881 1247 966 1288 iam
1007 1247 1241 1288 confectam
1289 1247 1423 1288 Roma
1454 1246 1669 1288 Veronam
1711 1247 1916 1293 attulisse,

284 1320 327 1361 id
359 1320 573 1361 stabilitur
607 1319 709 1360 satis
743 1319 868 1359 certis
902 1320 1120 1371 praeterea
1153 1318 1426 1370 argumentis.

404 1390 516 1431 Nam
547 1390 690 1431 mirati
724 1391 825 1430 sunt
856 1389 1121 1442 interpretes,
1155 1389 1264 1441 quod
1297 1401 1443 1430 versus
1476 1389 1536 1429 illi
1569 1389 1735 1442 pulchri
1761 1393 1812 1430 19
1827 1400 1916 1441 sqq.

285 1461 421 1503 eidem
453 1460 538 1502 fere
573 1462 714 1501 essent
747 1462 874 1513 atque
909 1460 956 1509 ei,
990 1460 1061 1512 qui
1098 1460 1159 1522 ‘in
1192 1473 1275 1501 uno
1317 1460 1546 1512 eodemque
1589 1451 1790 1501 carmine’
1838 1459 1917 1500 alio

284 1534 372 1573 loco
406 1532 475 1586 (91
490 1532 596 1585 sqq.)
630 1533 934 1585 repeterentur.
999 1531 1080 1572 Sed
1112 1531 1153 1571 in
1194 1531 1326 1583 elegia
1366 1531 1408 1571 hi
1448 1543 1593 1572 versus
1633 1530 1917 1571 necessarium

284 1604 442 1644 habent
474 1603 613 1644 locum
646 1615 786 1643 rerum
819 1615 976 1643 conexu
1025 1602 1288 1655 postulatum
1330 1602 1610 1654 continuoque
1652 1602 1721 1642 illo
1763 1601 1919 1653 cogita-

285 1675 448 1715 tionum
481 1673 622 1714 ordine
657 1673 910 1721 devinctum,
943 1685 1017 1726 per
1050 1685 1175 1725 quem
1209 1685 1337 1725 quani
1370 1672 1511 1713 fatalis
1544 1672 1665 1713 Troia
1687 1671 1918 1713 Protesilao

285 1745 621 1797 Laodamiaeque
671 1746 711 1784 et
760 1744 926 1785 Catullo
975 1743 1103 1784 fuerit
1153 1743 1384 1797 exponitur.
1466 1743 1749 1784 Includuntur
1807 1743 1919 1784 enim

287 1815 503 1869 utrimque
534 1815 595 1856 ita
627 1815 773 1855 Troiae
808 1814 1215 1863 commemoratione,
1250 1816 1296 1855 ut
1329 1814 1381 1855 ad
1412 1815 1595 1867 priorem
1617 1814 1660 1854 in
1684 1827 1719 1854 v.
1743 1818 1916 1856 88-90

285 1889 350 1927 ter
383 1886 609 1939 repetitam
643 1898 774 1937 aeque
807 1885 1045 1938 pertineant
1079 1887 1205 1937 atque
1249 1885 1303 1925 ad
1344 1886 1617 1938 posteriorem
1658 1884 1720 1926 bis
1761 1883 1918 1925 factam

285 1957 326 1997 in
361 1970 397 1998 v.
432 1962 484 1998 99
499 1969 558 2009 sq.
620 1956 772 2008 Itaque
810 1956 968 2017 tfratris
1003 1956 1279 2009 epiphonema
1312 1957 1428 1996 salva
1452 1955 1760 1997 sententiarum
1784 1956 1920 1996 struc-

286 2031 382 2069 tura
417 2028 540 2068 eximi
578 2019 738 2080 posse‘,
782 2030 827 2067 ut
861 2028 919 2067 ait
951 2027 1026 2067 Ad.
1059 2027 1273 2079 Kiessling
1313 2027 1338 2067 l.
1381 2040 1411 2068 c.
1444 2040 1482 2080 p.
1531 2033 1595 2076 17,
1634 2039 1756 2068 nemo
1797 2025 1918 2068 facile

287 2099 554 2140 assentietur.
618 2098 727 2151 Ergo
759 2111 841 2139 non
874 2098 952 2151 ipsi
984 2098 1192 2151 prooemio
1226 2097 1325 2138 facti
1359 2100 1459 2138 sunt
1491 2100 1533 2139 et
1554 2098 1650 2139 inde
1672 2098 1754 2139 huc
1781 2099 1920 2139 trans-

286 2170 382 2210 lati.
417 2169 527 2222 quod
558 2168 776 2210 Baehrens
809 2168 968 2210 factum
1002 2181 1092 2210 esse
1131 2169 1309 2221 putabat
1354 2169 1401 2209 cf.
1435 2182 1471 2222 p.
1514 2174 1617 2218 503,
1659 2168 1730 2210 sed
1773 2170 1919 2210 contra

288 2253 336 2281 ex
381 2241 472 2293 ipsa
512 2240 591 2280 hac
640 2240 773 2292 elegia
820 2239 1033 2293 desumpti
1082 2240 1151 2280 illo
1198 2240 1284 2280 loco
1327 2240 1496 2293 repetiti
1537 2242 1657 2289 sunt,
1698 2241 1920 2294 paululum

287 2312 430 2351 tamen
463 2310 679 2351 immutati
712 2311 754 2351 et
787 2310 911 2359 aucti,
945 2310 998 2350 ad
1030 2309 1132 2350 illud
1167 2310 1463 2359 excusandum,
1497 2310 1606 2363 quod
1631 2311 1754 2352 amici
1774 2323 1918 2364 preces

289 2381 410 2421 aliter
434 2383 560 2433 atque
592 2381 661 2422 ille
685 2381 790 2422 velle
813 2381 1034 2422 videbatur
1057 2380 1251 2421 efficeret.
1299 2381 1453 2422 Malius
1478 2383 1619 2423 autem
1643 2394 1689 2423 eo
1712 2394 1846 2434 usque
1869 2381 1919 2422 de

290 2451 447 2493 Catulli
480 2452 621 2492 fratris
653 2454 787 2493 morte
819 2452 925 2492 nihil
948 2453 1208 2504 cognoverat.
1253 2452 1344 2492 Iam
1367 2453 1401 2492 si
1425 2454 1652 2506 utrumque
1671 2465 1840 2494 carmen
1862 2452 1921 2493 le-

289 2522 413 2574 gebat
447 2523 489 2564 et
522 2522 747 2575 epistulam
781 2536 876 2564 cum
899 2523 1059 2576 epilogo
1082 2524 1125 2564 et
1147 2522 1335 2575 elegiam,
1367 2523 1605 2564 inveniebat
1636 2523 1803 2564 eosdem
1835 2522 1919 2564 fere

290 2604 436 2634 versus
470 2593 510 2633 in
543 2593 608 2633 his
642 2594 803 2635 duobus
836 2594 948 2643 locis,
982 2594 1054 2635 sed
1086 2594 1127 2634 in
1160 2594 1290 2635 altero
1314 2595 1441 2635 simul
1463 2594 1740 2635 excusationis
1767 2605 1919 2635 causa:

525 2662 610 2704 Sed
638 2666 767 2705 totum
799 2664 870 2705 leoc
902 2663 1090 2704 sz‘udimn
1121 2662 1235 2704 luctu
1266 2663 1463 2715 fraterna
1494 2663 1600 2705 mihi
1631 2677 1743 2706 mors

586 2733 777 2775 Abstulit

289 2803 400 2844 unde
434 2806 635 2858 comperit
667 2806 792 2859 paulo
827 2807 922 2846 ante
955 2805 1076 2846 illum
1108 2807 1325 2846 mortuum
1358 2818 1474 2854 esse;
1507 2808 1549 2847 et
1580 2805 1709 2847 illud:
