2013 3223
1063 126 1145 162 114

290 252 473 293 Berolin.
498 254 597 293 aest.
625 256 735 293 1882
759 264 796 303 p.
831 251 891 291 3*
926 250 1066 291 addito
1098 263 1203 291 novo
1237 251 1423 304 exemplo
1456 250 1504 291 cf.
1524 250 1569 292 O.
1587 251 1701 293 Jahn
1733 252 1916 305 spicileg.

287 323 413 376 epigr.
446 336 482 375 p.
519 328 624 363 108:
663 322 774 382 ιΗο0
808 355 814 361 .
850 355 855 361 .
891 333 972 373 quo
1003 333 1176 374 possum
1207 334 1381 362 munere
1422 334 1548 375 parvo
1580 314 1853 375 Prosequor‘.

411 393 491 434 Sed
547 385 660 453 ‘pro'
705 392 921 432 Baehrens
975 394 1017 432 et
1076 392 1198 433 Riese
1256 405 1337 433 non
1386 394 1497 433 recte
1548 394 1916 454 (remunerationis

286 455 393 504 loco'
429 463 744 509 intellexerunt;
777 462 917 515 potius
942 475 1025 513 pro
1055 462 1202 503 multis
1235 462 1337 503 aliis
1369 465 1433 504 est
1465 463 1594 513 idem,
1629 464 1738 516 quod
1783 464 1914 527 ‘mul-

287 536 426 575 torum
461 534 636 573 aliorum
668 524 777 573 1000'
815 532 1023 585 significat
1056 533 1104 574 cf.
1136 534 1319 574 XXXVI
1354 541 1472 586 lsq.:

711 602 904 644 Annales
946 602 1104 653 Volusi,
1137 607 1283 644 cacata
1315 607 1448 654 carta,

723 673 871 714 Votum
903 673 1045 714 solvite
1068 687 1152 725 pro
1183 688 1274 715 mea
1300 674 1469 726 puella:

287 745 311 785 i.
355 757 387 786 e.
425 745 512 785 loco
563 744 647 785 sive
696 745 861 786 nomine
894 745 1089 791 Lesbiae,
1133 746 1204 786 ubi
1245 760 1280 785 v.
1324 746 1643 786 Baehrensium.
1714 746 1824 787 Nam
1863 746 1915 787 de

292 815 457 876 ‘multis
491 807 668 863 officiis‘,
703 816 854 867 quibus
896 816 1031 856 Allius
1065 816 1281 857 Catullum
1325 816 1524 858 affecerit.
1565 817 1600 857 is
1643 818 1810 857 tantum
1850 828 1915 857 co-

288 886 419 938 gitare
452 888 602 939 potest,
637 887 707 938 qui
743 899 846 948 (qua
880 887 920 927 in
950 878 1014 927 re>
1050 900 1134 927 una
1167 887 1232 940 (cf.
1256 901 1291 928 v.
1325 894 1376 928 41
1394 888 1470 941 sq.)
1515 888 1705 949 (quantis
1747 878 1910 928 officiis'

289 969 384 998 eum
417 957 580 1005 iuverit,
615 957 647 997 si
682 956 851 998 definire
884 958 995 1007 velit,
1029 958 1078 999 de
1110 958 1382 999 multitudine
1405 958 1711 1007 beneficiorum,
1748 970 1831 998 non
1864 957 1914 998 de

287 1027 578 1080 magnitudine
620 1028 945 1081 interpretetur,
995 1032 1043 1069 ut
1083 1030 1303 1070 Baehrens
1352 1030 1504 1070 iniuria
1553 1029 1653 1070 fecit
1699 1029 1741 1069 in
1780 1042 1817 1069 v.
1859 1032 1914 1069 42

289 1100 362 1151 (=
399 1097 600 1138 LXVHP
626 1102 679 1151 2).
702 1132 707 1137 .
730 1098 809 1139 Sed
835 1099 1037 1151 quidquid
1071 1100 1203 1148 affert,
1236 1101 1437 1141 vocabula
1474 1091 1660 1161 ‘quanti'
1697 1101 1738 1140 et
1773 1089 1912 1161 ‘quot'

287 1181 523 1221 numquam
554 1169 664 1210 idem
699 1170 946 1221 significant.
1007 1170 1057 1210 Id
1091 1171 1262 1222 quidem
1295 1171 1417 1211 Riese
1449 1172 1565 1211 recte
1596 1171 1820 1211 adnotavit.

410 1239 491 1280 Sed
535 1240 731 1291 quoniam
777 1233 898 1301 KAlli'
950 1254 1098 1282 nomen
1149 1255 1223 1294 per
1270 1242 1354 1281 vim
1401 1243 1570 1282 tantum
1613 1246 1655 1282 et
1700 1241 1915 1282 libidinem

290 1310 490 1363 Scaligeri
523 1311 794 1363 ingeniosam,
827 1311 1033 1352 Italorum
1066 1313 1385 1365 interpolatione
1419 1313 1657 1361 excitatam,
1697 1311 1795 1352 huic
1826 1312 1915 1352 loco

288 1382 455 1422 illatum
489 1383 564 1430 est,
597 1382 680 1422 iam
719 1382 966 1423 lectionibus
1009 1382 1112 1423 aliis
1153 1385 1194 1424 et
1237 1384 1346 1435 quod
1382 1383 1503 1434 potui
1547 1383 1597 1424 ab
1637 1383 1917 1435 interpretum

288 1453 448 1506 impetu
492 1452 713 1493 vindicatis
757 1466 802 1493 ea
846 1454 1147 1507 impedimenta
1190 1457 1480 1503 remorentur,
1523 1466 1629 1507 quae
1671 1454 1723 1494 ad
1766 1452 1917 1506 epilogi

288 1524 471 1564 rationes
505 1524 807 1576 intellegendas
843 1524 1005 1565 aditum
1043 1525 1383 1578 praecludebant.
1445 1525 1661 1566 Baehrens
1702 1525 1814 1565 hunc
1853 1526 1916 1564 to-

288 1596 381 1634 tum
429 1594 639 1647 epilogum
689 1595 739 1635 ad
787 1595 945 1636 Allium
993 1595 1208 1636 derectum
1257 1597 1585 1649 interpretatur,
1635 1607 1740 1648 quae
1786 1595 1916 1635 inter-

288 1665 479 1718 pretatio,
513 1677 772 1717 quamquam
805 1679 878 1718 per
911 1678 1004 1706 eam
1036 1680 1111 1707 nec
1145 1668 1258 1707 notio
1298 1668 1487 1708 vocabuli
1523 1657 1752 1728 tvestrum'
1789 1665 1918 1718 expli-

289 1735 373 1776 cari
406 1739 548 1788 potest-
587 1748 661 1776 nee
704 1737 828 1785 1111111,
872 1750 945 1777 eur
989 1738 1125 1778 subito
1175 1738 1215 1777 in
1259 1738 1338 1778 hac
1377 1740 1495 1791 parte
1539 1737 1734 1778 allocutio
1774 1736 1917 1788 aliqua

287 1806 386 1847 Allii
419 1808 502 1852 fiat,
537 1812 674 1846 tamen
701 1807 740 1846 in
766 1808 916 1848 ceteris
938 1808 1061 1848 rebus
1087 1820 1229 1848 secum
1254 1809 1341 1861 ipsa
1367 1809 1570 1861 congruit.
1617 1808 1739 1848 Riese
1774 1808 1917 1848 autem

291 1877 394 1918 duas
438 1878 618 1918 rationes
670 1878 778 1917 inter
820 1892 862 1918 se
907 1878 1092 1919 diversas
1135 1879 1371 1927 confundit,
1413 1892 1509 1920 cum
1551 1880 1664 1920 hunc
1705 1878 1915 1932 epilogum

291 1949 489 1988 comitem
522 1948 648 1989 fuisse
682 1949 886 2002 poematis
920 1950 1207 1991 antecedentis
1242 1953 1375 2004 putat,
1408 1950 1480 1991 sed
1521 1951 1581 1991 ita
1622 1952 1670 1990 ut
1710 1952 1833 2003 poeta
1874 1949 1917 1989 in

290 2032 325 2058 v.
352 2026 434 2061 150
452 2020 609 2059 Allium
635 2020 929 2072 alloqueretur.
964 2021 1088 2061 simul
1122 2025 1264 2062 autem
1298 2022 1459 2074 reliqua
1492 2021 1631 2062 omnia
1664 2021 1715 2061 ad
1738 2020 1916 2061 Malium

290 2090 509 2142 defigeret,
542 2090 650 2131 unde
685 2103 799 2131 error
831 2092 877 2130 fit
911 2091 1221 2144 inexplicabilis.
1287 2092 1443 2133 Similis
1482 2094 1547 2132 est
1587 2104 1700 2132 error
1730 2091 1916 2144 primum

290 2174 312 2201 a
356 2160 619 2214 Vt'estphalio
663 2161 810 2202 deinde
855 2162 905 2202 ab
949 2162 1040 2202 aliis
1086 2162 1298 2203 admissus
1341 2162 1389 2203 de
1439 2163 1636 2224 (hospitis
1681 2152 1831 2203 officio‘
1875 2161 1917 2201 in

290 2244 325 2270 v.
363 2236 412 2271 12
448 2234 785 2274 commemorato,
821 2233 929 2284 quod
962 2233 1089 2273 refert
1123 2233 1173 2273 ad
1208 2247 1242 2273 v.
1279 2239 1330 2275 66
1345 2246 1434 2286 sqq.
1467 2235 1510 2274 et
1542 2233 1593 2274 ad
1626 2247 1662 2273 v.
1699 2238 1791 2274 156.

410 2303 501 2343 Non
535 2303 664 2355 igitur
697 2304 959 2345 coniecturae
993 2306 1176 2345 remedio
1209 2318 1311 2358 opus
1345 2308 1421 2354 est,
1455 2305 1563 2357 quod
1596 2304 1756 2345 frustra
1788 2315 1916 2356 quae-

292 2374 420 2413 situm
455 2376 529 2422 est,
563 2374 634 2414 sed
668 2374 719 2414 ad
753 2374 931 2415 traditas
965 2376 1162 2416 lectiones
1205 2375 1470 2417 redeundum
1513 2377 1596 2424 est,
1639 2375 1790 2427 quibus
1833 2386 1919 2415 ser-

291 2444 399 2484 vatis
433 2444 517 2484 iam
549 2444 822 2485 manifestum
855 2446 902 2486 fit
932 2448 1100 2499 poetam
1142 2447 1255 2487 hunc
1297 2447 1505 2499 epilogum
1548 2446 1779 2495 addidisse,
1821 2457 1918 2485 cum

294 2514 346 2554 ad
387 2515 564 2555 Malium
605 2516 787 2556 amicum
830 2530 902 2569 pro
945 2518 1075 2558 altero
1117 2520 1331 2570 petentem
1373 2518 1551 2570 elegiam
1595 2515 1917 2570 praecedentem

290 2585 489 2626 mitteret.

410 2655 537 2696 Porro
570 2657 680 2697 ultro
715 2660 898 2710 apparet.
932 2659 1165 2698 continuari
1193 2659 1452 2711 prooemium
1484 2658 1588 2698 illud
1622 2683 1677 2688 —
1709 2659 1758 2699 ut
1780 2658 1916 2698 dicere

290 2738 403 2766 nunc
444 2727 542 2767 licet
583 2752 635 2754 w
670 2728 759 2780 ipso
794 2729 964 2781 epilogo.
1025 2729 1127 2769 Inde
1171 2741 1277 2770 nova
1319 2729 1526 2781 quaedam
1566 2729 1684 2770 Malii
1723 2728 1917 2769 allocutio

290 2809 374 2838 non
408 2799 498 2838 erat
529 2799 785 2840 necessaria.
829 2800 925 2851 quia
966 2800 1097 2852 elegia
1141 2799 1282 2840 addita
1326 2801 1410 2841 sive
1451 2800 1611 2842 inserta
1650 2799 1756 2840 nihil
1802 2798 1918 2840 aliud
