2013 3223
872 155 921 190 21

100 279 315 320 fabricatio
345 277 457 319 facta
488 277 554 326 sit,
587 277 722 317 adhuc
753 277 1033 330 disceptatum
1065 290 1164 318 nam
1197 276 1305 329 quod
1337 276 1494 317 dictum
1517 277 1581 317 est
1613 289 1705 317 eam

97 348 303 400 Argolidis
334 348 544 401 propriam
575 347 722 396 fuisse,
753 347 794 388 id
827 348 876 388 ab
911 348 1001 388 aliis
1045 349 1223 400 negatur
1261 347 1310 388 cf.
1348 347 1399 388 H.
1441 347 1490 388 de
1531 346 1706 387 Rohden

96 418 139 458 in
168 419 216 458 A.
247 417 527 458 Baumeisteri
557 415 733 457 Denkm.
757 416 794 457 d.
826 416 878 457 kl.
910 417 963 458 A.
995 431 1025 458 S.
1057 431 1091 458 v.
1125 416 1400 458 Vasenkunde
1430 417 1496 457 ΙΠ
1517 430 1555 470 p.
1582 423 1706 459 1936.

98 493 222 529 1940.
270 487 391 529 Certe
413 487 546 527 multo
565 488 660 528 ante
681 487 872 540 Sapphus
907 490 1088 529 aetatem
1117 488 1281 541 palmae
1315 488 1480 539 signum
1511 487 1554 527 in
1586 499 1706 527 orna-

95 558 248 599 mentis
281 558 487 598 usitatum
519 557 646 598 fuisse
679 559 843 598 constat
875 558 924 599 cf.
955 559 981 598 l.
1004 571 1036 599 c.
1065 572 1102 611 p.
1127 563 1252 599 1942.

214 628 295 669 Sed
340 628 392 668 ad
433 628 558 668 aliam
599 640 762 680 quoque
802 629 1005 669 rationem
1046 628 1209 669 decurri
1248 629 1397 682 potest.
1457 628 1705 680 Accepimus

97 699 208 739 enim
237 698 281 738 in
312 698 475 751 Pythiis
506 698 600 739 inde
635 699 684 739 ab
718 697 780 740 Ol.
812 704 880 748 48,
914 705 937 741 3
970 699 1146 740 victores
1179 698 1337 739 coronis
1359 699 1514 739 laureis
1537 699 1705 739 ornatos

97 781 212 818 esse,
245 781 339 810 cum
372 770 494 809 antea
534 781 600 809 res
639 769 844 821 pretiosae
888 769 1110 816 darentur;
1153 782 1258 821 quae
1298 770 1442 810 laurus
1481 781 1644 822 semper
1685 780 1705 809 e

99 839 310 880 Thessalis
344 829 497 892 Tempe
531 851 554 879 a
587 839 715 879 sacris
746 840 949 892 Apollinis
983 840 1198 880 arboribus
1231 852 1326 880 cum
1369 839 1492 880 certis
1536 839 1706 890 quibus-

98 910 195 950 dam
226 910 486 950 caerimoniis
518 910 740 962 petebatur
772 909 821 950 cf.
852 909 1031 950 Pausan.
1063 910 1101 950 X
1136 916 1182 958 7,
1216 914 1263 956 3;
1303 910 1484 961 reliquos
1516 909 1627 949 locos
1669 921 1706 948 V.

96 980 141 1020 in
180 979 330 1033 Paulyi
371 980 579 1032 encyclop.
612 991 642 1019 s.
674 992 710 1019 v.
746 971 950 1040 ‘Pythiaffi
1014 978 1132 1029 Quod
1174 980 1266 1019 tum
1306 979 1348 1019 in
1385 979 1548 1031 Pythiis
1588 979 1707 1018 insti-

96 1052 239 1090 tutum
271 1051 347 1098 est,
379 1051 430 1089 ut
462 1061 633 1090 coronae
665 1049 832 1089 laureae
865 1049 1076 1098 darentur,
1108 1049 1149 1088 id
1182 1049 1347 1089 omnino
1378 1061 1533 1089 novum
1575 1050 1617 1089 et
1660 1061 1706 1089 eo

96 1132 229 1171 usque
261 1119 497 1159 inauditum
529 1119 657 1159 fuisse
688 1131 770 1159 non
802 1120 951 1172 potest,
986 1119 1083 1171 quia
1116 1120 1249 1160 omnis
1288 1132 1378 1160 mos
1421 1119 1505 1159 iam
1546 1119 1588 1159 in
1626 1131 1706 1159 usu

96 1191 170 1239 est,
201 1190 449 1243 priusquam
479 1191 571 1242 lege
614 1190 754 1241 aliqua
798 1189 1021 1230 sanciatur.
1082 1190 1173 1230 Iam
1215 1190 1249 1230 si
1290 1190 1497 1230 sumimus
1538 1190 1706 1229 laurum

93 1261 278 1314 Apollini
310 1261 542 1312 antiquitus
575 1272 738 1300 sacram
769 1260 812 1300 in
843 1260 975 1300 Lesbo
1008 1260 1184 1312 triginta
1216 1260 1300 1300 fere
1342 1260 1461 1300 annis
1496 1261 1590 1300 ante
1623 1259 1706 1300 vic-

94 1331 225 1371 toriae
257 1331 491 1383 praemium
511 1330 702 1383 Sapphus
736 1332 872 1371 aetate
896 1330 1035 1379 fuisse,
1068 1344 1163 1371 cum
1194 1332 1408 1383 praeterea
1432 1331 1481 1371 de
1503 1330 1705 1383 Apollinis

98 1401 350 1442 solemnibus
383 1401 609 1453 Mytilenae
651 1401 754 1441 actis
798 1402 958 1442 constet
991 1413 1011 1441 e
1044 1402 1228 1454 Thucyd.
1259 1401 1324 1441 ΠΙ
1366 1407 1389 1442 3
1430 1393 1706 1449 Ἀπόλλωνος

94 1470 344 1519 Μαλόεντος
381 1467 462 1520 ἔξω
504 1478 577 1525 τῆς
617 1470 782 1520 πόλεως
829 1468 969 1526 ἑορτή,
1011 1469 1053 1511 ἑν
1093 1459 1121 1527 ἧ
1161 1470 1376 1526 πανδημεὶ
1419 1471 1706 1526 Μυτιληναῖοι

93 1536 339 1595 ἑορτάζουσι
372 1541 420 1581 cf.
452 1541 725 1582 Wilamowitz
757 1540 909 1593 Isyllos
939 1555 977 1594 p.
1011 1547 1076 1583 99.
1107 1542 1279 1582 Meister
1311 1540 1366 1582 D.
1397 1541 1546 1593 yriecle.
1569 1540 1705 1582 Diali.

94 1610 117 1651 I
146 1624 185 1664 p.
219 1616 270 1653 65
284 1624 355 1663 sq.,
389 1612 487 1663 quid
519 1612 616 1652 huic
648 1612 826 1665 opinioni
859 1612 911 1653 ad
942 1613 1163 1653 veritatem
1197 1612 1338 1653 deesse
1371 1614 1598 1665 putemus?

210 1680 319 1731 Quid
352 1682 386 1722 si
419 1682 583 1735 Sappho
615 1695 697 1723 non
728 1683 923 1735 palmam,
957 1683 1028 1723 sed
1060 1683 1227 1724 laurum
1258 1683 1301 1723 in
1342 1684 1577 1736 puellarum
1622 1695 1706 1723 ser-

92 1764 213 1792 mone
244 1753 504 1792 nominavit?
538 1753 655 1793 cuius
687 1754 728 1793 in
760 1754 847 1794 loco
879 1754 1061 1806 reposita
1084 1756 1148 1794 est
1171 1766 1194 1794 a
1216 1753 1381 1795 Catullo
1414 1755 1564 1807 palma,
1598 1766 1704 1806 quae

92 1822 270 1862 maxime
303 1822 503 1862 Romanis
537 1823 806 1875 scriptoribus
848 1823 1044 1864 victoriae
1084 1824 1356 1864 simulacrum
1398 1826 1508 1873 erat,
1550 1825 1597 1864 ut
1633 1836 1705 1876 per

93 1904 135 1932 se
167 1893 306 1944 ipsum
336 1893 378 1932 id
410 1893 658 1933 vocabulum
698 1906 771 1946 pro
812 1894 1007 1934 victoriae
1049 1895 1214 1934 notione
1255 1895 1446 1947 populari
1484 1896 1705 1935 consuetu-2

92 1962 186 2003 dine
219 1964 505 2016 usurparetur.
567 1963 775 2004 Vetustus
809 1964 919 2004 enim
952 1964 1031 2004 fuit
1073 1964 1183 2016 apud
1214 1965 1424 2005 Romanos
1465 1965 1704 2017 palmarum

89 2045 191 2073 usus
224 2045 330 2073 anno
364 2045 397 2073 a.
429 2046 468 2073 u.
500 2039 582 2076 459
616 2034 658 2073 in
691 2034 904 2075 civitatem
936 2036 1150 2087 receptus:
1176 2033 1351 2085 palmae
1390 2037 1478 2074 tam
1515 2035 1704 2085 primum

69 2127 144 2144 .—
186 2104 324 2156 inquit
362 2103 503 2144 Livius
543 2104 590 2144 X.
633 2110 708 2153 47,
752 2111 775 2146 3
820 2129 873 2133 —-
906 2104 1110 2145 translato
1148 2118 1167 2145 e
1202 2104 1387 2145 Graecia
1428 2118 1538 2145 more
1578 2105 1702 2145 victo-

88 2173 207 2214 ribus
247 2174 461 2227 [ludorum
500 2175 766 2228 circensium]
808 2174 942 2216 datae.
1015 2176 1115 2216 Eius
1166 2176 1344 2216 notionis
1377 2176 1510 2217 vicem
1552 2177 1701 2229 implet

91 2241 241 2283 laurus
271 2243 565 2295 triumphalis,
600 2258 682 2296 qua
709 2246 854 2298 Apollo
891 2246 979 2298 ipse
1013 2245 1224 2286 devinctus
1262 2248 1448 2297 tempora
1488 2259 1511 2287 a
1542 2247 1704 2287 Tibullo

88 2313 143 2354 H.
185 2319 230 2363 5,
273 2319 296 2355 5
336 2316 582 2368 appellatur.
653 2316 854 2369 Daphnae
906 2316 1032 2357 Penei
1073 2317 1299 2357 Thessalici
1353 2317 1461 2358 filiae
1509 2318 1698 2357 mutatae

89 2384 191 2425 deus
224 2385 335 2438 apud
369 2384 564 2426 Ovidium
595 2386 637 2426 in
668 2388 766 2427 met.
798 2386 819 2426 I
852 2390 934 2428 558
948 2399 1037 2438 sqq.
1069 2387 1193 2427 dixit:

323 2487 332 2495 .
364 2487 372 2495 .
404 2455 545 2496 Arbor
576 2456 661 2496 eris
691 2458 797 2496 certe
828 2470 931 2497 mea.
994 2455 1165 2508 Semper
1195 2456 1402 2498 habebunt

331 2524 389 2565 Te
420 2538 545 2575 coma,
577 2529 614 2566 te
645 2526 844 2576 citharae,
878 2530 915 2568 te
946 2530 1124 2577 nostrae,
1157 2526 1286 2578 lazare,
1312 2528 1552 2579 pharetrae.

325 2594 390 2635 Tu
422 2595 595 2636 dacibus
626 2596 767 2637 Latiis
799 2597 951 2647 aderis,
986 2611 1078 2637 cam
1112 2597 1223 2638 laeta
1252 2599 1514 2650 triumphum

334 2665 422 2706 Vox
452 2669 570 2707 canet
602 2670 638 2708 et
668 2668 800 2708 visent
832 2667 975 2720 lonqas
1012 2666 1225 2719 Capitolia
1249 2682 1440 2720 pompas.

205 2734 286 2776 Sed
325 2738 421 2777 utra
471 2738 605 2790 opinio
645 2739 778 2779 verior
832 2739 886 2779 sit
929 2739 1007 2779 etsi
1048 2739 1220 2780 dubium
1262 2740 1391 2781 videri
1432 2741 1585 2793 possit,
1628 2752 1703 2791 ego

87 2805 231 2846 tamen
262 2819 531 2860 nequaquam
563 2809 841 2850 dubitandum
874 2822 963 2850 esse
997 2810 1139 2859 statui,
1173 2813 1272 2863 quin
1291 2810 1487 2862 palmam
1511 2810 1703 2852 Catullus
