2013 3223
884 130 964 167 155

116 265 290 305 naeque.
351 253 444 294 Etsi
476 254 587 294 enim
619 254 931 295 concedendum
969 256 1034 295 est
1075 254 1123 294 de
1163 253 1247 294 sole
1288 252 1483 305 usurpari
1520 264 1604 292 non
1642 263 1736 292 raro

116 323 323 377 pluralem
355 336 578 364 numerum
617 321 781 378 ‘sidera‘
822 324 871 365 cf.
902 324 1053 364 Baehr.
1085 337 1123 376 p.
1156 327 1260 371 460,
1301 324 1445 363 13111011
1475 322 1665 374 praestat
1694 320 1738 361 id

121 393 174 434 ad
205 394 388 434 maxima
419 394 491 434 illa
522 393 659 434 sidera
690 393 856 442 referre,
889 406 1067 446 quorum
1100 394 1282 433 alterum
1313 404 1438 433 versu
1469 390 1738 445 praecedenti

121 463 175 517 (V.
218 462 262 517 3)
304 464 483 504 alterum
522 463 794 515 sequentibus
835 464 888 516 (v.
928 464 1044 516 5sq.)
1087 463 1364 515 significatur,
1405 464 1454 502 ut
1495 473 1518 502 a
1558 461 1643 502 sole
1686 460 1738 501 ad

118 534 264 574 lunam
301 533 506 574 transitus
545 533 631 573 fiat.
699 534 754 574 Et
795 535 1072 575 secernuntur
1104 545 1152 573 ea
1183 533 1272 585 ipso
1304 532 1469 573 nomine
1517 527 1732 587 ‘siderum'

117 615 142 644 a
173 604 306 644 stellis
337 603 381 643 in
412 616 448 644 v.
472 609 495 644 2
520 603 867 652 commemoratis,
900 603 1010 655 quod
1037 615 1189 643 nomen
1219 602 1399 642 maxime
1433 601 1510 642 soli
1541 602 1583 642 et
1614 601 1738 641 lunae

115 675 264 727 aptum
295 686 385 714 esse
416 675 565 714 notum
597 675 671 714 est.

234 743 326 784 Iam
360 744 459 796 quid
492 745 547 785 sit
578 744 693 793 illud,
727 744 837 796 quod
869 744 1029 785 diverse
1063 756 1086 784 a
1117 743 1323 796 prioribus
1356 744 1397 782 et
1437 741 1738 794 posterioribus

117 813 168 854 de
202 814 287 855 sole
319 815 503 867 lunaque
526 814 700 863 dicatur,
732 815 866 855 verior
888 814 1002 855 verbi
1040 810 1242 870 ‘cedendi'
1272 812 1561 865 interpretatio
1594 811 1739 864 aperit.

117 884 259 925 Habet
290 885 400 925 enim
439 879 620 941 ‘cedere'
656 897 738 925 non
771 885 966 926 continuo
1009 884 1185 925 eandem
1223 884 1438 924 notionem
1479 894 1608 934 quam
1655 881 1740 938 ‘de-

116 952 283 995 cedere'
319 955 404 996 sive
444 953 587 1011 ‘abire'
628 957 670 996 et
709 952 947 1011 ‘occiderel
1008 955 1185 995 Erratur
1217 953 1462 1006 saepissime
1493 953 1536 993 in
1569 952 1738 993 notione

117 1025 340 1066 verborum
372 1025 624 1078 simplicium
646 1025 937 1077 intellegenda,
971 1036 1077 1076 quae
1108 1024 1214 1064 nihil
1239 1024 1320 1064 nisi
1350 1034 1511 1063 meram
1534 1022 1742 1063 actionem

117 1094 321 1135 denotant
353 1095 597 1148 simpliciter
620 1098 662 1136 et
683 1096 794 1136 ultro
828 1095 995 1143 factam,
1027 1107 1110 1135 non
1141 1094 1346 1134 inlocum
1379 1093 1564 1145 aliquem
1598 1116 1652 1121 ——
1674 1091 1742 1132 vel

118 1167 329 1206 attactum
361 1166 427 1206 vel
458 1179 542 1206 non
575 1168 784 1207 attactum
818 1190 870 1194 —
905 1165 1129 1206 derectam.
1192 1164 1282 1205 Hoc
1314 1164 1425 1204 enim
1456 1163 1505 1203 fit
1546 1163 1589 1203 in
1632 1174 1743 1203 com-

115 1235 265 1289 positis
319 1236 437 1291 ‘abs-
489 1236 568 1277 de-
632 1236 723 1277 dis·
789 1248 866 1277 ex·
921 1232 1190 1276 re-cedere'.
1266 1234 1413 1286 Neque
1469 1233 1743 1287 perfectivam

116 1306 277 1347 habent
310 1307 393 1347 vim
425 1307 551 1347 verba
584 1307 790 1360 simplicia
821 1307 846 1347 i.
880 1319 912 1347 e.
944 1319 1024 1347 non
1060 1306 1297 1358 significant
1330 1304 1504 1345 actionis
1535 1303 1743 1352 effectum,

116 1376 192 1428 qui
225 1378 299 1417 aut
329 1389 475 1430 reapse
509 1377 658 1418 accidit
690 1379 763 1418 aut
795 1377 1003 1430 expetitus
1037 1379 1112 1417 est.
1174 1375 1263 1416 Hoc
1294 1375 1342 1416 fit
1370 1375 1412 1415 in
1450 1364 1740 1436 ‘concedendi'

120 1447 325 1488 vocabulo
359 1447 407 1488 cf.
440 1461 477 1500 p.
511 1454 637 1500 3lsq.
699 1447 888 1488 Verbum
930 1447 1060 1499 igitur
1099 1443 1305 1502 ‘cedendi'
1353 1446 1420 1486 1110
1460 1446 1582 1485 110131
1622 1455 1743 1485 arcus

116 1517 186 1558 vel
219 1530 342 1570 gyros
375 1530 398 1558 a
440 1518 524 1558 sole
567 1518 750 1570 lunaque
793 1518 834 1558 in
877 1518 989 1558 03010
1032 1516 1262 1559 confectos,
1304 1517 1376 1568 qui
1417 1516 1661 1556 accrescunt
1703 1516 1745 1556 et

116 1587 379 1637 decrescunt,
412 1590 459 1628 ut
490 1591 718 1641 utrumque
753 1588 867 1629 sidus
908 1588 1049 1644 ‘certis
1078 1584 1350 1640 temporibus'
1391 1586 1503 1627 varie
1527 1585 1745 1627 cedentem

122 1671 297 1699 cursum
344 1658 510 1700 efficiat.
575 1658 655 1699 Sed
704 1671 796 1699 eam
838 1658 1117 1699 differentiam
1164 1658 1205 1697 in
1252 1657 1454 1698 lituanica
1502 1658 1543 1697 et
1590 1656 1745 1697 slavica

121 1729 267 1781 lingua
309 1729 469 1769 dudum
511 1729 720 1781 cognitam
760 1731 801 1769 et
842 1729 1073 1769 stabilitam
1114 1728 1216 1768 item
1255 1728 1298 1767 in
1338 1728 1468 1768 latino
1514 1730 1555 1768 et
1596 1738 1744 1779 graeco

122 1811 314 1840 sermone
347 1800 519 1840 retineri
549 1800 617 1840 hic
649 1802 836 1852 posuisse
870 1799 972 1839 satis
1005 1799 1157 1839 habere
1190 1810 1302 1838 nunc
1334 1797 1474 1839 debeo.

242 1941 440 1982 Berenice
473 1941 657 1994 pollicita
690 1943 753 1981 est
785 1940 847 1980 dis
881 1940 1108 1980 caesariem
1142 1951 1263 1980 suam

278 2019 325 2052 11
365 2011 459 2064 Qua
491 2025 566 2052 rex
595 2013 832 2062 tempestate
863 2022 967 2050 novo
999 2012 1148 2050 auctus
1180 2009 1404 2061 hymenaeo

451 2081 650 2122 ‘astatum
680 2081 782 2132 finis
814 2080 949 2121 iverat
981 2080 1192 2132 Assyrios.

128 2152 208 2194 Sed
251 2153 294 2193 111
333 2166 457 2194 versu
511 2160 559 2194 11
603 2153 745 2193 hiatus
797 2151 845 2192 de
888 2152 1064 2192 veritate
1104 2151 1193 2192 eius
1236 2150 1426 2192 lectionis
1468 2149 1748 2202 suspicionem

123 2226 276 2265 movet.
323 2224 547 2265 Praeterea
577 2223 668 2276 ipsa
700 2223 788 2264 eius
820 2222 1013 2263 vocabuli
1044 2222 1156 2262 notio
1189 2234 1271 2262 non
1303 2222 1402 2274 apta
1430 2222 1495 2261 est
1515 2219 1613 2260 huic
1644 2219 1748 2260 loco.

126 2294 236 2335 Nam
269 2295 349 2336 etsi
378 2297 502 2348 poeta
534 2294 678 2335 eodem
710 2293 911 2335 vocabulo
944 2292 1080 2333 utitur
1111 2293 1154 2333 in
1185 2305 1218 2333 c.
1250 2291 1387 2332 LXIV
1421 2296 1475 2331 24
1487 2303 1598 2343 sqq.:

407 2397 415 2405 .
447 2377 517 2405 vos
549 2365 622 2419 (sc.
654 2364 819 2417 heroas)
852 2363 1041 2405 carmine
1071 2361 1333 2414 compellabo,

365 2434 501 2488 Teque
532 2435 635 2476 adeo
666 2435 817 2476 eximie
847 2433 984 2474 taedis
1013 2432 1208 2486 felicibus
1240 2434 1358 2473 aucte

366 2505 610 2546 Thessaliae
641 2504 826 2546 columen
858 2503 999 2553 Peleu,

123 2577 170 2617 id
202 2579 313 2618 certe
354 2576 404 2617 de
437 2576 545 2618 felici
577 2576 767 2629 coniugio
800 2575 934 2623 valet;
967 2574 1040 2615 sed
1071 2575 1114 2614 in
1144 2573 1211 2613 his
1245 2585 1351 2626 quae
1385 2572 1434 2613 de
1456 2571 1656 2612 Berenice
1690 2569 1750 2610 di-

123 2648 282 2689 cuntur
313 2647 541 2700 requiritur
561 2647 776 2701 proprium
799 2645 967 2698 aliquod
989 2644 1251 2693 vocabulum,
1284 2643 1336 2684 ad
1357 2643 1588 2684 novitatem
1611 2641 1749 2695 potius

124 2718 310 2771 coniugii
347 2719 584 2771 pertinens,
626 2717 725 2771 quia
764 2729 836 2758 rex
875 2729 972 2757 cum
1018 2714 1223 2772 ‘duxisset
1262 2725 1434 2754 uxorem
1473 2712 1617 2766 paucis
1656 2712 1751 2765 post

128 2786 292 2830 diebus‘
333 2788 504 2843 (Hygin.
537 2790 692 2830 astron.
729 2787 773 2828 H
811 2786 884 2840 24)
916 2798 1068 2827 novam
1106 2786 1285 2839 nuptam
1325 2783 1474 2825 statim
1515 2781 1752 2834 dereliquit,
