2013 3223
901 138 953 175 53

235 262 291 302 Et
323 261 519 314 quoniam
540 261 643 301 haec
665 261 804 301 omnia
835 261 895 302 ita
925 261 1035 302 inter
1067 273 1110 302 se
1134 233 1295 302 conexa
1326 261 1369 301 et
1400 261 1499 313 apta
1531 272 1621 300 esse
1644 273 1739 300 con·

118 333 215 381 stat,
245 344 297 373 ne
329 332 433 372 illud
466 331 634 383 quidem
657 331 879 372 concedere
901 344 1013 372 nunc
1034 332 1143 380 licet,
1177 330 1286 383 quod
1310 330 1402 382 quis
1424 330 1584 383 opinari
1606 330 1739 383 possit

117 403 160 443 et
188 402 374 443 Pleitner
405 403 430 442 l.
463 414 494 442 0.
527 415 564 454 p.
607 407 660 442 74
694 402 886 454 opinatus
920 403 1001 451 est,
1032 402 1194 455 puellas
1227 401 1411 441 oratione
1445 413 1521 441 sua
1550 400 1739 452 tetigisse

115 472 250 513 Eoum
289 484 452 524 quoque
483 484 558 525 per
588 471 840 512 laudationis
879 472 1064 524 aliquam
1104 471 1297 524 speciem.
1366 471 1477 511 Nam
1509 483 1621 511 nunc
1653 483 1738 511 cer-

115 542 328 583 tissimum
360 554 449 583 esse
483 542 719 582 existimare
743 554 866 593 cogor
889 543 997 582 sicut
1028 542 1070 582 in
1101 542 1236 594 prima
1269 541 1440 593 stropha
1471 541 1539 581 hic
1573 553 1738 593 quoque

117 612 166 653 de
197 612 385 665 Hespero
418 613 587 652 tantum
621 612 739 664 queri
769 613 931 665 puellas
963 613 1151 664 nihilque
1175 611 1223 652 de
1241 612 1325 652 Eoo
1359 610 1579 651 addidisse.
1626 611 1737 651 Nam

115 682 151 723 si
171 681 419 735 Hesperum
451 683 712 735 vituperant,
743 682 896 723 idcirco
928 695 1010 723 non
1051 684 1197 732 optant
1235 681 1448 721 ardescere
1485 680 1624 721 Eoum
1665 682 1738 722 aut

112 752 334 804 requirunt
364 753 488 801 hunc,
521 753 620 805 quia
654 753 775 793 illurn
815 752 990 805 fugiant.
1061 753 1123 793 De
1166 753 1251 792 Eoo
1293 752 1368 792 soli
1409 752 1581 792 iuvenes
1623 764 1736 792 com-

113 824 361 872 memorant,
394 823 466 863 sed
498 824 569 872 ita,
600 825 649 863 ut
682 823 732 864 ab
765 823 942 876 Hesperi
975 823 1276 875 significatione
1308 821 1483 874 profecti
1515 823 1735 873 tamquam

117 893 275 945 aliquid
306 893 402 933 novi
434 893 592 933 addant
623 893 802 934 eundem
833 894 998 933 mutato
1031 894 1201 933 tantum
1232 893 1398 933 nomine
1432 904 1522 932 esse
1557 892 1704 933 Eoum.

234 963 316 1004 Sed
349 976 422 1004 cur
453 963 494 1003 id
528 963 725 1004 additur?
771 963 951 1003 Iuvenes
975 975 1070 1003 cum
1093 962 1331 1015 Hesperum
1352 963 1456 1002 nihil
1488 963 1547 1002 rei
1579 962 1731 1002 habere

113 1046 210 1075 cum
241 1033 365 1074 furtis
398 1035 740 1081 commonstrant,
772 1033 899 1073 immo
932 1033 1089 1085 pariter
1121 1045 1217 1073 eum
1249 1033 1313 1072 his
1347 1033 1611 1073 obstaculum
1644 1044 1734 1073 esse

114 1103 547 1156 impedimentumque
581 1105 623 1143 et
654 1104 818 1143 mutato
851 1103 1018 1143 nomine
1053 1102 1345 1143 adiumentum
1379 1103 1429 1142 ad
1473 1102 1586 1143 fures
1626 1115 1736 1143 com-

112 1173 450 1226 prehendendos,
491 1173 752 1226 redarguunt
782 1174 966 1226 primum
1000 1175 1095 1226 apte
1128 1173 1365 1226 puellarum
1398 1173 1610 1224 querelas,
1642 1174 1734 1213 tum

114 1243 323 1284 addidisse
355 1243 397 1284 id
431 1243 599 1295 quidem
632 1244 828 1284 videntur
859 1244 938 1284 hac
970 1243 1054 1284 fere
1096 1243 1144 1284 de
1187 1256 1335 1292 causa,
1379 1243 1488 1295 quod
1530 1243 1608 1296 ipsi
1649 1255 1734 1283 me-

110 1313 311 1354 morabile
342 1314 552 1366 putabant
583 1315 648 1355 vel
680 1316 729 1354 ut
759 1315 916 1355 rectius
958 1314 1122 1355 dicatur
1164 1317 1307 1367 poeta,
1348 1314 1418 1366 qui
1463 1314 1536 1354 hos
1578 1314 1637 1353 ita
1677 1314 1735 1353 10-

112 1385 290 1435 quentes
322 1383 430 1425 fecit.

227 1455 369 1506 Atque
401 1454 442 1494 id
475 1455 636 1507 ipsum,
679 1455 787 1507 quod
827 1468 924 1495 cum
966 1456 1045 1496 levi
1087 1455 1229 1506 aliqua
1271 1455 1484 1507 amplioris
1533 1453 1730 1494 scientiae

109 1523 335 1565 iactatione
367 1547 424 1552 --
457 1525 565 1577 quod
599 1525 701 1566 item
733 1525 993 1566 Pleitnerum
1026 1538 1107 1566 non
1142 1525 1249 1577 fugit
1281 1526 1305 1565 l.
1339 1538 1371 1565 0.
1404 1538 1439 1577 p.
1466 1531 1515 1566 71
1555 1548 1607 1553 —-
1640 1536 1734 1577 pro-

108 1596 282 1647 ponunt,
313 1595 552 1648 Hesperum
585 1598 628 1636 et
659 1596 794 1636 Eoum
825 1596 936 1636 idem
970 1608 1059 1636 esse
1094 1596 1230 1645 sidus,
1263 1596 1342 1636 hac
1374 1595 1423 1635 de
1467 1607 1594 1635 causa
1636 1595 1732 1646 quia

109 1677 191 1705 non
233 1665 293 1705 ita
334 1666 519 1718 vulgaris
560 1665 688 1706 fuisse
731 1678 780 1706 ea
821 1667 995 1706 scientia
1036 1666 1271 1714 videretur,
1314 1666 1481 1706 omnino
1524 1665 1601 1705 hoc
1643 1665 1731 1705 loco

110 1738 484 1776 commemoratum
530 1735 658 1776 fuisse
706 1736 794 1776 iure
848 1737 1044 1789 suspicor.
1122 1736 1278 1777 Contra
1326 1736 1542 1777 Catullum
1593 1736 1732 1788 ipsum

110 1805 189 1846 hoc
251 1805 301 1846 de
362 1806 550 1859 Hespero
614 1806 840 1858 eodemque
902 1807 986 1846 Eoo
1054 1819 1230 1847 novasse
1292 1807 1503 1859 probabile
1566 1806 1732 1846 videtur

108 1875 157 1915 B.
191 1875 424 1917 Schmidtio
456 1877 498 1916 in
529 1877 684 1929 proleg.
715 1890 752 1930 p.
775 1877 964 1918 LXXVI.
1014 1877 1136 1925 Nam,
1168 1879 1216 1917 ut
1238 1877 1362 1917 huius
1387 1877 1512 1917 verba
1546 1876 1730 1924 afferam,

114 1946 217 2007 tetsi
251 1946 565 1999 disceptabatur
606 1960 629 1987 a
668 1948 878 1988 veteribus
923 1947 1015 1999 quis
1057 1948 1218 2000 primus
1261 1947 1628 1988 animadvertisset
1670 1946 1731 1986 di-

107 2017 288 2057 xissetve
319 2017 558 2070 Hesperum
591 2020 633 2058 et
654 2018 894 2059 Luciferum
919 2018 1097 2059 eundem
1131 2030 1234 2066 esse,
1265 2031 1387 2058 nemo
1420 2019 1562 2058 tamen
1594 2029 1729 2069 neque

110 2085 277 2140 Sappho
308 2100 444 2140 neque
479 2101 734 2140 quemquam
766 2089 845 2129 hac
877 2089 1157 2141 antiquiorem
1191 2089 1278 2129 eius
1312 2089 1371 2128 rei
1404 2090 1616 2129 auctorem
1640 2088 1730 2128 lau-

113 2157 249 2207 davit,
282 2158 353 2198 sed
387 2160 461 2199 aut
500 2158 786 2211 Pythagoram
828 2160 902 2199 aut
932 2159 1227 2199 Parmenidern
1269 2161 1344 2199 aut
1382 2159 1558 2212 Ibycum
1597 2158 1730 2198 nomi-

112 2221 234 2268 nant'
271 2242 307 2270 v.
338 2229 449 2270 locos
482 2229 636 2270 ibidem
669 2230 829 2271 allatos.

224 2300 286 2339 Ac
315 2299 499 2352 primum
533 2300 701 2352 quidem
733 2300 908 2340 eandem
941 2301 990 2341 ob
1023 2312 1193 2340 causam
1227 2300 1323 2340 huic
1356 2300 1442 2340 viro
1475 2299 1616 2348 docto,
1649 2298 1728 2338 etsi

107 2367 149 2408 id
181 2368 338 2410 Catulli
370 2382 539 2410 carmen
571 2372 709 2411 totum
742 2371 783 2410 in
816 2371 1049 2411 imitatione
1075 2370 1268 2423 Sapphus
1291 2371 1475 2423 positum
1509 2381 1598 2410 esse
1631 2382 1727 2409 cum

110 2439 202 2479 aliis
235 2442 378 2480 censet
409 2440 433 2481 1.
467 2453 498 2481 c.
531 2453 568 2493 p.
600 2441 790 2489 LXXIV,
823 2443 965 2481 tamen
998 2443 1040 2481 et
1071 2441 1138 2481 1110
1170 2442 1212 2481 et
1244 2441 1323 2481 alio
1362 2441 1487 2481 huius
1529 2440 1725 2480 carminis

110 2508 199 2549 1000
240 2509 282 2549 111
323 2511 512 2551 versibus
553 2516 606 2551 49
623 2523 712 2563 sqq.
745 2511 939 2553 Catullus
982 2511 1175 2564 Sapphus
1215 2511 1492 2551 imitationem
1532 2523 1614 2550 non
1654 2522 1727 2562 per

109 2579 275 2631 singula
307 2581 446 2621 omnia
478 2581 661 2622 tenuisse
694 2582 871 2630 videtur,
905 2582 975 2622 sed
1008 2582 1209 2622 nonnulla
1240 2582 1459 2634 paululum
1500 2581 1727 2621 immutata

106 2648 336 2690 reddidisse
369 2651 441 2699 ita,
473 2653 522 2692 ut
552 2652 622 2692 illo
655 2653 743 2693 loco
776 2653 993 2705 vulgarem
1035 2665 1134 2692 suae
1177 2653 1327 2692 aetatis
1370 2652 1608 2698 scientiam,
1649 2651 1726 2691 hoc

109 2719 241 2760 altero
276 2720 426 2762 Italiae
461 2722 503 2762 in
544 2723 698 2763 vitibus
741 2723 923 2764 colendis
964 2735 1123 2763 morem
1165 2725 1423 2774 sequeretur.
1486 2722 1725 2773 Utrumque

105 2801 189 2830 non
222 2792 385 2832 rectum
417 2792 575 2840 iudic03
608 2793 657 2834 de
690 2794 820 2834 altero
854 2794 941 2834 1000
974 2793 1081 2833 infra
1113 2792 1358 2834 videbimus.
