2013 3223
272 238 379 279 viter
411 239 619 279 laboranti
651 239 840 290 praebito
873 250 946 290 per
977 239 1114 290 ipsam
1144 238 1253 279 hanc
1285 238 1513 291 imaginem
1536 241 1718 293 cogitare
1751 243 1897 296 coepit,

270 310 418 361 aptum
452 308 572 349 affert
605 308 850 348 subsidium.

392 378 473 419 Sed
505 378 767 419 redeundum
800 382 864 419 est
906 379 959 419 ad
1000 391 1144 420 vocem
1182 378 1385 429 medium,
1435 393 1562 432 quam
1604 394 1651 422 ex
1692 383 1750 423 eis
1791 395 1896 436 quae

271 462 397 502 supra
431 449 739 501 disputavimus
772 449 892 490 facile
926 462 1022 490 cum
1054 449 1310 490 Baehrensio
1344 453 1539 503 suspecta
1578 451 1658 492 fide
1702 465 1791 494 esse
1833 465 1899 494 ar-

270 520 489 560 bitramur.
569 519 690 560 Certe
747 520 862 560 nullo
914 520 1036 560 modo
1087 520 1223 561 verbis
1271 520 1351 560 ‘iter
1395 521 1544 572 populi
1593 523 1899 564 accommodari

271 592 424 643 potest.
495 590 647 642 Itaque
681 591 884 632 vocabulo
930 582 1156 651 ‘medium³
1206 591 1444 632 addendum
1485 596 1549 634 est
1587 594 1900 635 substantivum

271 660 450 712 aliquod,
485 673 565 712 quo
599 661 817 710 referatur,
853 664 927 702 aut
958 663 1097 715 ipsum
1131 664 1194 702 est
1227 665 1483 715 corruptum.

388 731 519 771 Rivus
552 731 692 783 igitur,
726 733 797 784 qui
830 733 873 772 in
906 732 1101 773 altissimi
1123 733 1277 773 vertice
1300 734 1454 773 montis
1477 734 1683 786 prosiluit,
1716 735 1899 788 primum

271 800 318 841 de
352 814 493 852 prona
527 815 735 855 praeceps
786 806 844 843 cst
893 802 1001 843 valle
1039 802 1205 843 volutus
1246 804 1270 843 i.
1311 816 1342 844 e.
1385 804 1435 844 ad
1477 805 1598 846 vallis
1639 818 1818 858 pronum
1858 808 1901 848 et

269 874 545 925 praeruptum
577 873 690 914 latus
729 873 907 922 devenit,
940 875 1011 915 ubi
1042 887 1115 927 per
1147 886 1300 927 pronas
1332 874 1473 915 fauces
1498 876 1749 917 convallium
1781 889 1900 930 prae-

271 942 387 996 cipiti
430 956 556 984 cursu
599 944 650 984 ad
697 944 895 985 inferiora
941 946 1031 985 loca
1078 944 1214 985 fertur
1260 957 1337 985 nec
1383 949 1525 986 tamen
1572 947 1635 986 ita
1681 947 1899 1000 planitiem

271 1013 417 1054 statim
451 1014 668 1067 contingit,
703 1014 774 1055 sed
807 1028 881 1068 per
914 1015 1070 1056 declive
1104 1015 1274 1056 demum
1308 1015 1441 1056 fluens
1475 1016 1527 1056 ad
1560 1016 1721 1058 radices
1745 1019 1899 1059 montis

269 1085 470 1137 pervenit.
534 1085 644 1126 Nam
676 1086 764 1138 ipse
798 1086 1000 1127 decursus
1040 1087 1251 1127 notandus
1295 1090 1404 1136 erat,
1446 1088 1554 1128 sicut
1591 1088 1739 1129 iisdem
1781 1102 1900 1131 voca-

270 1155 380 1196 bulis
415 1156 612 1197 adhibitis
647 1156 840 1197 Catullus
874 1158 915 1197 in
947 1157 1061 1198 LXV
1098 1163 1151 1199 23
1186 1157 1308 1198 dicit:
1336 1170 1473 1209 prono
1511 1172 1716 1211 praeceps
1755 1160 1899 1212 ayitur

270 1225 459 1266 decursu.
524 1227 619 1267 Tria
651 1227 782 1279 igitur
815 1241 963 1269 cursus
996 1231 1211 1269 momenta
1243 1232 1445 1269 notantur
1477 1230 1519 1270 in
1551 1230 1663 1270 rivo:
1703 1231 1899 1284 primum,

272 1296 374 1337 dum
408 1298 595 1350 prosilit;
629 1298 811 1339 alterum
845 1299 945 1339 dum
969 1299 1018 1340 de
1040 1312 1171 1352 prona
1194 1300 1301 1340 valle
1324 1300 1624 1353 praecipitatus
1648 1314 1720 1354 per
1743 1301 1899 1342 declive

270 1368 474 1415 volvitur3
509 1369 703 1418 tertium,
737 1369 838 1409 dum
871 1383 944 1423 per
977 1383 1173 1423 campum
1204 1370 1384 1423 perfluit.
1443 1373 1503 1411 Ac
1535 1373 1752 1412 tentamen
1784 1372 1900 1422 illud,

271 1451 353 1491 quo
386 1451 460 1492 per
482 1439 666 1480 medium
690 1440 809 1481 densi
845 1433 1041 1502 ‘scopuli'
1076 1442 1161 1482 rivo
1185 1442 1251 1482 via
1275 1442 1569 1482 destinabatur
1592 1443 1642 1483 ab
1663 1442 1901 1493 Huschke0‚

271 1509 350 1550 etsi
383 1522 456 1562 per
489 1511 692 1551 sermonis
726 1524 852 1552 usum
885 1512 982 1552 ferri
1014 1525 1095 1553 non
1130 1516 1313 1565 poterat,
1346 1517 1487 1553 tamen
1531 1516 1643 1554 recto
1685 1514 1900 1555 nitebatur

273 1593 410 1621 sensu.

387 1652 480 1692 Iam
508 1654 555 1692 ut
572 1653 822 1693 emendandi
851 1655 1083 1706 periculum
1103 1654 1266 1698 faciam,
1296 1654 1562 1694 scribendum
1589 1655 1692 1694 mihi
1712 1655 1898 1696 videtur:

511 1722 596 1762 Per
628 1723 809 1763 medium
844 1723 1024 1764 clivom
1057 1724 1216 1764 transit
1251 1725 1326 1764 lter
1350 1723 1515 1775 populi.

269 1793 472 1834 Perfacile
510 1786 656 1855 ‘cliuo'
695 1795 780 1835 sive
819 1788 968 1856 (cliuu'
1005 1796 1046 1836 in
1083 1790 1240 1858 ‘densi'
1287 1796 1398 1836 abire
1438 1796 1585 1848 potuit.
1648 1797 1820 1837 Accedit
1854 1800 1901 1838 ut

270 1865 404 1905 viator
438 1877 457 1905 e
488 1865 613 1916 qravc'
652 1868 771 1906 aestu
805 1866 953 1907 sudore
997 1866 1206 1915 defessus,
1255 1867 1286 1907 si
1335 1867 1478 1919 procul
1521 1866 1703 1907 lucidam
1747 1880 1900 1920 aquam

268 1947 342 1988 per
375 1936 529 1976 clivum
564 1935 819 1977 defluentem
853 1938 1124 1990 conspexerit,
1159 1950 1286 1989 quam
1318 1950 1391 1990 per
1425 1937 1634 1978 convalles
1677 1938 1898 1979 cadentem

271 2006 506 2059 conspicere
540 2007 706 2059 nequit,
739 2007 947 2048 laetitiam
980 2008 1182 2061 suscipiat
1215 2008 1312 2048 talis
1376 2008 1594 2049 levaminis
1628 2020 1711 2061 spe.
1776 2008 1900 2050 Simi-

269 2077 366 2117 liter
397 2077 533 2117 Allius
567 2077 732 2119 Catullo
767 2078 1028 2130 aegritudine
1062 2078 1248 2119 confecto
1282 2079 1320 2119 id
1358 2070 1588 2139 ‘levamen'
1626 2080 1810 2131 paravit,
1851 2082 1901 2120 ut

269 2148 384 2188 rivus
417 2148 487 2189 ille
522 2151 587 2189 est

509 2218 645 2261 Dulce
677 2219 834 2260 viatori
868 2219 977 2261 lasso
1010 2221 1057 2260 ‘iu
1088 2220 1238 2260 sudore
1271 2220 1467 2269 let-amen,

271 2290 381 2342 quod
415 2290 617 2331 auxilium
649 2291 718 2331 ille
752 2292 853 2331 tulit
885 2292 1000 2331 velut
1032 2293 1187 2332 nautae
1221 2292 1374 2332 iactato
1408 2304 1511 2333 aura
1553 2292 1737 2333 secunda
1778 2305 1900 2345 exop-

270 2362 360 2401 tata
393 2362 507 2402 venit
539 2362 592 2414 (v.
627 2364 829 2415 6:3—66).
895 2362 1207 2415 Comparationi
1242 2363 1370 2414 igitur
1404 2375 1426 2402 a
1460 2364 1583 2415 poeta
1617 2363 1756 2404 studio
1799 2375 1901 2415 quo-

271 2431 368 2472 dam
416 2432 566 2472 talium
614 2435 959 2473 ornamentorum
1015 2445 1121 2473 nova
1179 2433 1348 2473 additur
1397 2432 1653 2481 similitudo,
1702 2433 1810 2474 sicut
1855 2433 1898 2474 in

271 2515 302 2543 c.
343 2502 439 2543 LXI
484 2508 652 2545 16—25
698 2503 808 2556 prior
856 2504 907 2544 ad
954 2504 1066 2557 paris
1114 2504 1228 2543 illius
1276 2503 1634 2556 pulchritudinem
1684 2503 1898 2556 pertinens

270 2575 526 2626 comparatio
575 2575 710 2614 altera
768 2574 910 2615 addita
968 2575 1158 2627 expletur
1215 2575 1463 2627 praesertim
1512 2574 1705 2627 virginali
1752 2574 1898 2615 decore

271 2643 490 2697 descripto.
553 2645 663 2685 Nam
693 2645 902 2686 Manlium
937 2657 1101 2698 quoque
1135 2645 1270 2698 priore
1305 2646 1614 2698 comparatione
1647 2645 1784 2697 tangi,
1825 2656 1898 2685 no-

270 2714 385 2754 mina
417 2714 543 2755 Vinia
575 2718 617 2756 et
638 2715 823 2757 Manlius
856 2717 972 2756 iuxta
1004 2716 1151 2769 posita,
1184 2716 1293 2757 sicut
1314 2715 1524 2769 Phrygius
1545 2715 1669 2757 iudex
1692 2717 1734 2756 et
1751 2714 1897 2756 Venus

271 2785 373 2825 satis
407 2784 633 2826 declarant.
695 2786 917 2828 Dubitavit
947 2786 1164 2828 Baehrens
1197 2799 1234 2839 p.
1268 2791 1350 2828 296
1386 2786 1472 2828 sine
1505 2787 1617 2827 iusta
1650 2797 1788 2827 causa.
