2013 3223
901 132 954 169 87

119 256 222 309 prol.
253 268 290 308 p.
322 255 469 304 LXXI,
501 258 644 296 tamen
665 257 818 297 harum
841 258 1048 297 terrarum
1070 255 1241 304 mentio,
1265 267 1371 307 quae
1395 255 1447 295 ad
1471 255 1569 295 anni
1588 256 1740 305 699s55

120 338 185 366 res
217 326 510 366 memorabiles
542 327 725 379 pertinet
758 327 807 368 cf.
838 327 934 368 ibid.
956 340 994 379 p.
1016 326 1106 375 LII,
1140 326 1338 378 quoniam
1370 325 1617 366 memoriam
1641 325 1744 378 Sap·

118 395 229 448 phioi
269 396 348 436 loci
388 397 560 448 tangere
601 396 766 437 videtur
805 397 869 450 (fr.
903 401 955 439 85
989 397 1066 449 B3)
1110 428 1149 436 ..
1182 394 1314 445 Κλέϊς
1355 395 1548 448 (correxit
1578 396 1639 436 ita
1669 408 1743 448 pro

118 465 260 515 Κλᾶις
291 465 567 506 Wilamowitz
599 467 642 506 in
673 467 755 507 ind.
798 467 983 519 Gotting.
1025 467 1168 507 aestiv.
1214 471 1324 508 1889
1364 479 1401 519 p.
1436 472 1503 515 23,
1543 465 1583 518 1)
1623 457 1745 519 ’ᾶγα-

118 534 255 585 mim,
288 534 381 576 ἀντὶ
422 542 498 585 τοῖς
529 533 610 590 ἔγω
649 535 745 578 οὐδὲ
781 535 955 578 Λυδίαν
996 543 1143 577 πᾶσαν
1183 529 1279 578 οὐδ)
1316 535 1513 591 ἕράνναν,
1554 536 1742 577 indidem

117 606 171 646 ab
202 606 273 646 illo
304 607 489 659 poetriae
521 620 636 648 more
668 607 854 660 profecta
886 620 975 648 esse
1008 607 1183 648 iudicari
1215 607 1348 648 debet.

237 676 454 717 Accedunt
487 677 591 718 aliae
625 678 933 726 similitudines,
967 690 1073 730 quae
1095 690 1169 730 per
1191 690 1234 718 se
1259 677 1428 729 quidem
1452 678 1563 718 solae
1586 677 1743 717 nullius

117 748 220 787 sunt
249 747 464 796 momenti,
497 747 570 788 sed
602 760 699 788 oum
731 748 904 800 reliquis
934 748 1106 800 originis
1128 748 1292 788 indiciis
1316 748 1561 788 coniunctae
1585 747 1744 799 aliquid

119 817 273 858 valent.
334 817 428 858 Non
460 818 589 870 igitur
624 810 859 880 ‘externae'
897 831 968 859 eae
1002 819 1203 871 appellari
1235 818 1400 867 debent,
1436 819 1601 879 (quales
1633 817 1746 858 idem

118 889 418 940 argumentum
451 889 561 929 ultro
594 881 804 942 procreat’
848 913 888 918 —
930 891 1030 929 sunt
1061 889 1309 929 Baehrensii
1341 889 1468 929 verba
1499 902 1537 941 p.
1561 893 1643 930 335
1673 912 1746 936 —-‚

118 958 157 999 si
187 958 230 998 in
262 971 355 999 eam
396 960 749 1012 comparationem
786 961 1002 1012 praeterea
1042 961 1210 1012 propter
1249 959 1553 1000 sententiarum
1594 958 1740 999 simili-

119 1028 311 1069 tudinem
344 1029 576 1070 afferuntur
607 1029 845 1082 fragmenta
879 1035 944 1071 94.
989 1034 1054 1070 95.
1098 1035 1163 1070 97.
1207 1034 1310 1078 133,
1352 1029 1401 1069 de
1443 1029 1594 1080 quibus
1635 1028 1738 1069 oonf.

119 1099 167 1140 B.
202 1099 424 1140 Schmidtii
454 1101 608 1153 proleg.
639 1113 678 1153 p.
699 1099 875 1140 LXXIV
887 1112 946 1152 sq.
993 1102 1053 1140 Ac
1085 1099 1134 1140 de
1167 1100 1401 1151 fragmento
1432 1104 1485 1140 94
1519 1098 1739 1148 addantur,

119 1182 228 1223 quae
259 1172 370 1211 recte
404 1171 545 1223 opinor
576 1171 711 1211 Bonin
733 1171 759 1210 l.
782 1183 813 1211 o.
836 1183 873 1223 p.
898 1176 920 1212 5
947 1170 1265 1211 animadvertit:
1298 1182 1418 1210 wemz
1448 1169 1546 1209 aber
1567 1167 1739 1221 Sappho

117 1253 199 1281 von
231 1240 303 1280 der
333 1240 575 1293 Hyacinthe
606 1244 709 1293 sayt,
741 1241 801 1281 sie
832 1241 966 1281 werde
996 1253 1075 1280 von
1107 1241 1186 1280 den
1217 1240 1376 1281 Hirten
1407 1239 1494 1292 auf
1517 1239 1597 1281 den
1628 1240 1738 1280 Ber-

117 1323 197 1364 yen
232 1311 309 1351 mit
340 1311 386 1351 F
385 1314 506 1352 iissem
533 1314 714 1363 yetreten
743 1311 835 1351 und
862 1311 960 1363 qehe
992 1311 1132 1351 daran
1162 1324 1217 1352 zu
1251 1310 1439 1360 Grande,
1472 1323 1516 1351 so
1546 1311 1739 1351 vei-sirm-

119 1381 309 1422 bildlicht
339 1381 407 1422 die
438 1380 662 1422 Dielzterin
693 1381 826 1423 damit
858 1381 957 1422 doeh
988 1380 1094 1422 wohl
1125 1381 1204 1421 das
1226 1381 1332 1422 Loos
1352 1381 1587 1434 desjenz'yen
1608 1381 1740 1422 Meid-

118 1451 254 1501 ehens,
285 1451 455 1492 welches
497 1451 586 1492 sich
626 1452 804 1504 weiyert,
847 1452 980 1492 einem
1008 1451 1153 1491 Mam
1194 1451 1484 1503 anzuqelmren
1521 1451 1612 1492 und
1651 1452 1740 1492 des-

119 1534 259 1574 weyen
297 1521 539 1563 unbeachtet
586 1535 640 1563 zu
693 1521 869 1563 Grande
915 1521 1019 1574 geht.
1091 1521 1310 1562 Demnach
1350 1523 1450 1563 sind
1490 1523 1558 1563 die
1597 1522 1743 1563 beiden

131 1591 255 1633 Versa
301 1591 407 1633 wohl
451 1591 517 1632 als
561 1605 640 1633 von
686 1592 766 1632 den
806 1591 1068 1644 Jimylz'nyen
1115 1605 1324 1645 yesunyen
1363 1606 1418 1633 eu
1457 1592 1616 1633 clenken
1653 1593 1746 1634 und

117 1676 236 1704 &war
275 1662 340 1703 als
379 1663 661 1715 Entyeymmy
708 1662 794 1712 auf
831 1663 924 1703 eine
964 1662 1139 1714 Strophe
1181 1662 1406 1704 c'ilmliehen
1451 1663 1620 1704 Inhalts
1666 1664 1744 1705 wie

123 1731 214 1774 Cat.
248 1747 281 1774 v.
314 1734 496 1773 39-47.

241 1805 301 1844 Ex
332 1805 381 1845 iis
415 1807 557 1845 autem
587 1804 750 1856 fiyurz'S,
783 1805 832 1846 de
866 1806 1017 1857 quibus
1050 1805 1292 1846 Demetrius
1326 1804 1427 1859 περὶ
1460 1802 1550 1859 ἑρμ.
1585 1818 1617 1846 c.
1662 1812 1743 1848 140

119 1875 225 1916 haec
273 1875 394 1916 dicit:
436 1872 481 1916 αὶ
523 1874 570 1916 δὲ
607 1875 696 1917 ἀπὸ
736 1884 821 1916 τῶν
867 1875 1093 1931 σχημάτων
1128 1874 1296 1930 χάριτες
1337 1873 1465 1931 ὃῆλαί
1511 1873 1620 1925 εἶσι,
1669 1875 1741 1917 καὶ

121 1945 328 1987 πλεῖσται
360 1946 483 2000 παρὰ
515 1948 708 2001 Σαπφοῖ,
742 1939 829 1987 οἷον
861 1945 907 1987 ἐκ
938 1954 1012 2002 τῆς
1043 1945 1397 1996 ἅναόιπλώσεως·
1435 1944 1744 2000 χαριεντίζεῐαι

119 2014 170 2057 δέ
201 2031 308 2058 ποτε
347 2015 421 2057 καὶ
463 2013 509 2067 ἐξ
551 2016 769 2072 ἀναφορᾶς
811 2017 868 2066 ὡς
900 2015 976 2058 ἐπὶ
1008 2023 1083 2058 τοῦ
1111 2009 1319 2071 Ἑσπέρου
1353 2017 1428 2070 (=
1458 2017 1507 2057 fr.
1542 2021 1593 2058 95
1627 2017 1662 2057 B
1696 2017 1745 2059 cf.

120 2087 287 2129 Usener
318 2087 343 2128 l.
376 2100 408 2128 o.
440 2101 476 2140 p.
521 2093 572 2129 97
589 2088 687 2141 sq.),
728 2089 832 2129 haec
875 2089 1008 2129 altera
1049 2088 1228 2128 maxime
1271 2088 1381 2141 apud
1424 2088 1642 2129 Catullum
1683 2100 1748 2129 re-

119 2158 254 2199 currit
284 2158 327 2198 in
359 2171 394 2199 v.
429 2164 507 2200 28:

362 2229 479 2281 Quae
504 2229 702 2281 pepigere
732 2229 830 2280 viri,
859 2229 1110 2281 pepiyerunt
1143 2230 1240 2268 (mee
1266 2229 1468 2279 parentes

122 2312 160 2340 v.
192 2304 271 2340 42:

359 2369 496 2410 Multi
530 2369 651 2410 illu-m
676 2370 817 2422 pueri,
851 2369 1007 2411 multae
1038 2372 1230 2421 optavere
1253 2367 1427 2419 puellae

120 2441 309 2493 itemque
342 2442 385 2482 in
416 2442 605 2482 versibus
639 2447 706 2482 44.
740 2446 806 2483 50.
841 2448 906 2484 53.
941 2447 1007 2483 55.

242 2512 330 2553 Neo
362 2512 584 2553 dissimiles
619 2513 719 2552 sunt
751 2512 831 2552 arti
856 2511 1085 2564 Sapphioae
1119 2510 1386 2563 repetitiones
1408 2510 1504 2550 illae
1528 2510 1750 2551 verborum

122 2582 340 2631 notabiles,
374 2583 518 2634 quales
553 2582 802 2623 adhibentur
834 2583 877 2622 in
908 2596 944 2622 v.
978 2587 1001 2623 8
1037 2583 1079 2622 et
1113 2587 1160 2622 9:

778 2652 902 2693 viden
933 2655 979 2692 ut
1005 2651 1236 2703 perniciter
1267 2650 1463 2700 exiluere,

361 2722 458 2764 Non
490 2726 636 2764 temere
668 2722 851 2764 exiluere

122 2793 241 2834 etin
273 2807 308 2834 v.
344 2799 394 2835 12
430 2795 473 2834 et
508 2799 581 2835 13:
