2013 3223
1058 172 1111 208 24

515 294 602 336 Nec
632 296 811 336 mirum:
842 294 1033 336 maculae
1060 296 1185 346 paris
1215 297 1416 349 utrisque,

523 364 697 408 Urbana
728 364 863 405 altera
895 367 932 405 et
962 364 1042 405 illa
1070 365 1298 417 formiana,

514 435 751 486 Impressac
781 434 966 475 resident
996 448 1068 476 nec
1100 435 1311 477 dueatur:

401 505 468 547 Sic
508 506 725 546 enuntiata
776 505 1071 558 distinguenda
1122 519 1211 548 esse
1251 510 1371 561 puto,
1413 509 1536 561 vulgo
1579 512 1673 562 post
1712 510 1895 563 priorem

279 578 444 629 partem
483 576 606 629 plena
644 576 692 615 fit
732 575 954 617 distinctio.
1025 577 1135 618 Nam
1179 590 1227 619 ea
1266 578 1446 620 formula
1495 580 1578 620 sive
1625 592 1700 633 per
1755 572 1891 641 ‘nam'

280 659 377 687 cum
409 646 679 698 sequentibus
712 646 977 699 coniungitur
1009 648 1093 688 sive
1125 660 1198 701 per
1231 649 1472 702 asyndeton,
1507 650 1615 702 quod
1637 653 1799 700 vocant,
1832 663 1902 692 ex-

281 717 527 769 plicativum
567 716 633 769 (cf.
663 716 880 758 Baehrens
913 717 965 758 ad
998 730 1030 758 c.
1062 718 1207 759 XXIII
1241 719 1302 772 7),
1343 720 1541 761 inseritur
1581 722 1748 763 tantum
1788 723 1898 762 tam-

282 799 409 839 quam
441 787 737 840 parenthetice‚
769 788 804 828 si
835 788 919 828 iam
951 800 1095 829 earum
1127 801 1268 830 rerum
1308 789 1486 831 infertur
1527 792 1749 840 memoria,
1793 804 1899 844 quae

280 858 460 911 priorem
493 858 745 899 sententiam
778 859 996 911 explicant.
1057 859 1167 900 Item
1200 860 1402 912 quidquid
1446 861 1522 902 sub
1564 863 1760 915 corrupta
1800 874 1901 903 voce

284 920 431 989 ‘quae'
467 928 582 977 latet,
614 928 679 969 his
712 929 876 970 verbis:

675 999 850 1050 penitus
882 1012 989 1051 quae
1020 1001 1105 1040 tota
1136 1003 1269 1041 mente
1302 999 1495 1041 laborant

284 1068 516 1122 explicatur
549 1069 659 1121 quod
692 1069 740 1110 de
773 1070 992 1111 iuvenibus
1025 1072 1309 1112 antecesserat
1340 1072 1439 1113 hoc:

682 1139 833 1181 habe-nt
862 1141 1127 1182 memorabile
1158 1142 1268 1194 quod
1297 1142 1353 1182 sit

284 1209 568 1251 intercedente
601 1210 782 1252 formula
820 1224 894 1252 nec
934 1212 1100 1252 mirum.
1163 1213 1251 1254 Nec
1294 1214 1417 1254 aliter
1458 1214 1500 1254 id
1543 1214 1590 1254 fit
1632 1214 1674 1254 in
1714 1214 1803 1254 loco
1837 1213 1906 1255 Ci-

285 1281 445 1321 ceronis
486 1281 609 1334 plane
642 1283 889 1335 congruenti
925 1283 1022 1324 huic
1063 1283 1312 1324 Catulliano.
1382 1284 1445 1325 lbi
1486 1285 1527 1324 in
1570 1284 1812 1325 criminibus
1854 1285 1906 1325 ab

281 1351 433 1392 Erucio
467 1354 612 1393 contra
646 1352 736 1394 Sex.
798 1353 996 1394 Roscium
1034 1355 1207 1407 prolatis
1241 1355 1324 1395 sive
1360 1367 1464 1407 quae
1505 1354 1681 1408 proferri
1722 1357 1905 1408 possent,

282 1421 386 1463 haec
419 1421 561 1464 Cicero
597 1430 670 1473 18,
704 1429 756 1465 52
790 1424 952 1477 posuit:
990 1424 1174 1486 cdomum
1212 1438 1336 1465 suam
1375 1425 1502 1465 istum
1540 1424 1629 1476 fere
1669 1437 1753 1465 ozon
1790 1425 1905 1477 quis-

284 1505 412 1544 quam
443 1485 661 1534 vocabczt':
700 1507 774 1534 nec
805 1494 984 1544 mirum,
1017 1495 1091 1547 qui
1122 1508 1252 1547 neque
1284 1496 1331 1535 in
1361 1495 1460 1536 urbe
1492 1495 1644 1536 viveret
1674 1508 1808 1547 neque
1838 1509 1905 1536 re-

282 1565 507 1604 vocaturus
537 1567 649 1605 esset.

402 1634 664 1677 Documento
715 1637 844 1689 igitur
891 1638 955 1677 est
1001 1637 1152 1690 puellis
1199 1637 1370 1678 iuvenes
1427 1637 1695 1678 memorabile
1747 1635 1906 1688 aliquid

284 1705 450 1755 habere,
485 1706 593 1758 quod
625 1707 701 1747 hos
734 1708 824 1748 tota
856 1708 996 1748 mente
1030 1708 1268 1748 laborantes
1311 1707 1589 1760 conspiciunt3
1631 1707 1728 1747 hinc
1771 1719 1819 1748 ex
1860 1718 1909 1747 ea

284 1777 541 1818 laboratione
582 1778 686 1818 illud
726 1790 800 1831 per
838 1790 880 1818 se
915 1779 1098 1830 apparet.
1168 1778 1290 1819 Unde
1330 1778 1508 1818 efficitur
1551 1769 1695 1839 (quae'
1740 1789 1824 1817 non
1864 1777 1908 1817 in

289 1839 454 1910 (quodss
487 1848 560 1889 sed
590 1848 634 1888 in
669 1839 835 1909 ‘quom'
871 1848 1126 1889 mutandum
1159 1861 1260 1889 esse.
1323 1848 1460 1890 Causa
1497 1848 1666 1900 quidem
1698 1847 1910 1888 indicatur

284 1931 359 1972 per
403 1910 554 1981 ‘quod'
597 1932 680 1959 non
720 1919 860 1959 minus
903 1931 1030 1970 quam
1070 1932 1143 1972 per
1187 1911 1370 1980 (quom'.
1432 1920 1590 1960 Tamen
1631 1918 1908 1959 differentiam

287 1990 390 2030 satis
424 2002 563 2031 acrem
596 2002 685 2031 esse
715 1987 829 2030 inter*
866 1990 942 2031 has
985 1990 1089 2030 duas
1133 1990 1443 2030 coniunctiones
1484 2002 1605 2030 nemo
1646 1989 1908 2029 infitiabitur.

291 2060 335 2101 Is
390 2061 500 2101 enim
554 2061 625 2113 qui
678 2061 967 2102 coniunctione
1029 2053 1176 2121 ‘quod'
1227 2061 1393 2109 utitur,
1448 2073 1540 2101 eam
1587 2060 1791 2100 actionem
1836 2071 1911 2112 per

293 2123 441 2192 ‘quod'
486 2132 650 2172 illatam
689 2132 777 2185 ipse
818 2131 988 2172 demum
1030 2144 1202 2172 causam
1245 2132 1455 2184 appellare
1496 2131 1587 2171 vult
1628 2131 1716 2171 eius
1756 2129 1911 2178 iudicii,

290 2202 399 2253 quod
450 2203 580 2243 altero
631 2203 731 2243 tulit
778 2203 1006 2244 enuntiato.
1078 2203 1188 2243 Nam
1234 2215 1308 2256 per
1363 2202 1695 2243 coniunctionem
1754 2191 1907 2262 ‘quod'

288 2272 394 2312 nihil
426 2273 564 2326 ipsum
598 2275 781 2327 apparet,
815 2273 885 2314 sed
919 2275 1088 2314 tantum
1122 2286 1320 2326 apparere
1355 2273 1512 2325 aliquid
1546 2273 1722 2319 dicitur;
1766 2273 1911 2312 contra

290 2343 590 2385 coniunctionis
627 2336 794 2406 ‘quom'
831 2357 879 2385 ea
912 2357 1001 2385 esse
1033 2346 1173 2397 potest
1204 2344 1288 2393 vis,
1330 2346 1378 2384 ut
1409 2343 1513 2384 illud
1544 2343 1680 2396 priore
1719 2343 1806 2382 loco
1839 2353 1912 2394 po-

293 2413 421 2454 situm
460 2427 508 2455 ex
549 2415 614 2456 his
665 2428 772 2467 quae
813 2428 887 2468 per
931 2407 1101 2477 ‘quom'
1149 2415 1428 2456 adnectuntur
1475 2414 1540 2454 vel
1580 2413 1719 2466 potius
1760 2412 1804 2452 in
1844 2411 1910 2452 his

291 2483 393 2536 ipsis
437 2488 710 2537 cognoscatur
757 2487 843 2527 sive
885 2487 1103 2533 cernatur;
1145 2498 1227 2538 qua
1265 2486 1304 2526 vi
1350 2497 1548 2539 persaepe
1596 2484 1694 2524 alibi
1741 2495 1765 2524 a
1811 2482 1911 2523 viris

292 2554 423 2595 doctis
456 2568 538 2596 non
572 2557 737 2609 cognita
777 2557 967 2610 expletur
1008 2557 1179 2597 demum
1221 2556 1346 2597 huius
1390 2556 1467 2597 loci
1509 2555 1730 2596 sententia.
1794 2553 1911 2594 Satis

290 2626 424 2666 habeo
457 2626 523 2667 hic
555 2627 762 2668 addidisse
796 2628 839 2668 in
880 2628 1036 2668 talibus
1078 2627 1306 2668 enuntiatis
1350 2639 1471 2679 saepe
1511 2637 1661 2667 causae
1701 2624 1912 2664 notionem

290 2708 365 2750 per
399 2709 440 2737 se
475 2697 715 2738 adiunctam
746 2698 895 2747 videri,
937 2698 1047 2739 unde
1088 2698 1154 2738 hic
1196 2710 1361 2750 quoque
1402 2710 1484 2738 non
1526 2698 1590 2737 est
1625 2694 1912 2736 necessarium

290 2767 434 2820 reponi
471 2780 608 2829 (quom
631 2800 639 2807 .
663 2800 671 2807 .
695 2761 914 2809 laborenff.
978 2768 1245 2821 Quamquam
1279 2770 1398 2809 erant
1421 2768 1491 2820 qui
1524 2766 1752 2807 scriberent
1787 2776 1914 2826 ‘quae

293 2837 335 2890 (i.
368 2850 400 2879 e.
433 2851 529 2879 cum
563 2851 633 2879 eae
677 2852 730 2879 sc.
761 2840 940 2893 puellae)
965 2871 1004 2880 ..
1036 2836 1255 2881 laborent'.
1317 2839 1452 2879 Immo
1485 2836 1794 2879 coniunctivum
1825 2846 1914 2875 mo-
