2013 3223
1043 138 1067 173 8

243 262 409 316 strophe
439 263 544 315 zei-qt
575 261 707 302 durch
738 260 859 300 ihren
890 258 1044 308 siukau,
1093 258 1189 311 dass
1229 259 1290 299 sie
1331 258 1447 299 nicht
1483 258 1563 299 (len
1594 259 1864 312 junyflrauen

242 333 404 385 yelzort,
446 333 486 373 id
529 334 592 374 est
634 345 681 373 ex
722 332 772 371 iis
811 330 1061 378 rationibus,
1104 341 1209 381 quae
1257 329 1376 371 facile
1429 330 1608 383 speciem
1650 331 1861 382 quandam

244 404 433 445 veritatis
466 404 617 443 habere
650 402 795 441 multis
828 400 1042 448 videntur,
1083 400 1226 440 tamen
1267 412 1310 441 re
1343 401 1434 453 ipsa
1466 400 1725 441 considerata
1756 402 1861 442 nihil

244 474 395 514 valent.
458 472 597 523 Quid?
641 483 776 511 nonne
808 482 955 510 rursus
988 470 1275 522 importunum
1314 470 1393 511 dici
1433 470 1565 523 possit
1595 470 1698 512 haec
1737 472 1863 512 verba

245 544 297 584 ad
330 543 532 594 virginem
573 542 741 582 derecta
781 540 1000 580 iuvenibus
1043 541 1256 581 tribuere?
1320 541 1401 581 Sed
1442 554 1554 581 nunc
1591 541 1692 581 satis
1730 541 1864 582 habeo

245 614 354 665 siqui
393 613 513 653 aliter
553 611 736 652 sentiant
775 622 842 651 eos
884 610 935 650 ad
979 612 1228 662 argumenta
1265 610 1386 651 modo
1428 611 1591 664 prolata
1632 611 1864 663 relegasse;

246 685 313 725 hic
345 696 441 724 vero
475 682 705 734 significare
739 682 907 721 tantum
938 681 1063 721 liceat
1094 681 1293 721 iuvenum
1326 683 1367 722 et
1399 682 1635 734 puellarum
1669 694 1737 722 eas
1770 693 1863 722 ora-

243 755 376 795 tiones
420 752 649 806 Sapphicae
682 764 872 804 poeseos,
913 751 1031 792 cuius
1073 751 1150 792 hoc
1194 763 1362 792 carmen
1401 752 1637 804 exemplum
1679 764 1768 793 esse
1800 753 1863 792 in-

245 824 486 876 corruptum
525 823 648 863 certis
690 822 949 874 argumentis
992 822 1351 874 comprobabitur,
1398 821 1577 863 facunda
1620 824 1662 862 et
1702 822 1864 862 sincera

245 895 438 935 libertate
472 892 647 933 defendi.

359 964 615 1004 Perventum
648 963 759 1004 enim
792 964 856 1003 est
886 963 972 1003 iam
1005 965 1055 1003 ad
1089 963 1211 1003 aedes
1243 962 1396 1011 mariti,
1428 962 1471 1002 in
1503 974 1608 1014 quas
1640 962 1864 1003 introitura

244 1036 308 1076 est
339 1046 445 1075 nova
476 1036 621 1086 nupta.
683 1034 901 1074 Transitus
935 1035 1078 1074 autem
1110 1046 1192 1074 uno
1224 1034 1295 1074 illo
1318 1045 1442 1074 versu
1475 1033 1668 1085 suppleto
1702 1045 1726 1073 a
1757 1034 1865 1073 stro-

242 1104 335 1159 phis
383 1104 725 1145 antecedentibus
775 1104 826 1144 ad
874 1104 949 1144 has
996 1117 1108 1145 nunc
1154 1104 1214 1144 ita
1253 1103 1321 1153 fit,
1369 1105 1417 1143 ut
1461 1104 1626 1144 omnino
1667 1103 1771 1143 nihil
1812 1103 1864 1143 ad

244 1188 444 1216 conexum
486 1175 595 1215 desit
637 1187 683 1215 ac
721 1187 771 1215 ne
814 1175 988 1226 cogitari
1031 1175 1199 1226 quidem
1238 1175 1325 1215 ulla
1368 1174 1449 1214 alia
1491 1174 1701 1214 sententia
1732 1174 1862 1214 inter-

244 1246 393 1287 cedens
415 1246 559 1298 possit.
622 1245 732 1285 Nam
764 1245 958 1285 laudibus
991 1257 1192 1285 novorum
1224 1245 1460 1297 coniugum,
1503 1257 1606 1296 quas
1634 1244 1679 1284 L.
1711 1244 1867 1285 Miiller

242 1317 285 1356 in
317 1316 492 1369 praefat.
526 1316 622 1356 edit.
665 1328 765 1357 suae
806 1329 843 1368 p.
876 1315 1021 1355 XXIII
1054 1315 1337 1364 desiderabat,
1383 1315 1549 1355 nullum
1592 1315 1635 1355 in
1666 1315 1744 1355 hoc
1776 1327 1865 1355 car-

243 1387 354 1427 mine
386 1387 524 1428 locum
556 1399 646 1427 esse
685 1399 827 1427 rerum
867 1387 995 1427 series
1029 1387 1070 1426 et
1103 1386 1211 1426 orbis
1244 1386 1446 1434 ostendit,
1488 1386 1539 1426 ad
1573 1398 1677 1438 quas
1711 1386 1863 1426 cantus

245 1458 394 1498 alterni
426 1458 652 1510 pertinent.

362 1528 506 1570 Unum
546 1528 613 1568 1110
655 1528 801 1568 statim
841 1527 991 1568 addere
1033 1527 1168 1568 liceat.
1230 1527 1414 1567 Versum
1449 1532 1501 1569 63
1536 1540 1556 1567 0
1597 1527 1771 1567 100110110
1805 1538 1867 1575 ea,

246 1611 371 1651 quam
403 1599 527 1640 codex
550 1599 582 1639 Τ
603 1599 786 1652 praebet,
821 1611 844 1638 a
878 1611 960 1650 qua
992 1598 1141 1639 codicis
1176 1610 1340 1650 quoque
1365 1597 1397 1639 Ο
1423 1598 1630 1650 scriptura
1663 1597 1866 1649 originem

244 1670 371 1711 traxit
404 1694 457 1699 —-—
490 1682 591 1710 nam
632 1670 674 1709 in
709 1668 765 1718 G,
807 1670 855 1709 ut
896 1669 938 1709 in
971 1669 1119 1709 0010113
1159 1669 1294 1717 libris,
1341 1668 1607 1721 interpolatio
1639 1667 1867 1708 manifesta

245 1743 310 1782 est
345 1765 395 1769 —
431 1740 489 1781 sic
520 1740 702 1792 refingo:

477 1810 624 1851 Tertia
648 1810 794 1861 patris
818 1821 939 1861 pars,
975 1823 1080 1860 pars
1112 1812 1170 1849 est
1202 1809 1305 1849 data
1336 1808 1461 1849 tertia
1492 1809 1632 1858 matri,

243 1882 422 1922 maxime
466 1894 514 1922 ea
547 1882 596 1922 de
630 1893 774 1930 causa,
817 1882 915 1933 quia
946 1880 989 1920 in
1022 1881 1234 1933 superiore
1267 1892 1392 1921 versu
1432 1880 1516 1920 iam
1548 1880 1610 1920 bis
1644 1879 1867 1920 adhibetur

244 1953 347 1993 illud
390 1955 466 2001 est,
510 1952 619 2004 quod
661 1952 728 1992 1110
766 1952 808 1991 111
848 1951 984 2004 priore
1026 1963 1169 1991 versus
1210 1952 1327 2003 parte
1371 1951 1507 1991 omitti
1539 1950 1662 1991 debet
1692 1973 1749 1978 —-
1785 1950 1865 2010 (in-

246 2015 524 2064 commodum'
562 2024 734 2063 vocatur
768 2034 802 2062 a.
834 2022 881 2061 B.
917 2021 1147 2062 Schmidtio
1180 2021 1222 2061 in
1256 2021 1394 2061 adnot.
1427 2021 1516 2061 crit.
1550 2045 1617 2069 —,
1661 2033 1757 2061 011111
1788 2020 1866 2061 hoc

244 2107 398 2135 novum
431 2094 568 2143 colon,
612 2106 692 2145 quo
724 2093 895 2146 partitio
928 2093 1041 2132 illius
1074 2104 1147 2145 per
1189 2104 1231 2132 se
1274 2091 1460 2132 infinitae
1495 2091 1782 2144 descriptionis
1815 2103 1866 2131 ex

238 2166 365 2215 parto
396 2164 645 2213 instituitur,
680 2163 881 2216 superiori

783 2247 832 2275 ex
860 2236 983 2285 parte
1010 2236 1238 2285 parentum
1270 2236 1327 2273 est

246 2318 354 2346 nexu
392 2307 586 2346 continuo
626 2318 700 2359 per
742 2305 921 2346 eundem
959 2318 1103 2345 casum
1145 2305 1390 2353 adhaereat,
1436 2317 1544 2345 nova
1576 2305 1718 2345 autem
1749 2315 1866 2356 repe-

247 2376 338 2416 titio
372 2377 487 2417 verbi
519 2379 577 2416 est
608 2377 650 2416 in
684 2376 959 2428 sequentibus
990 2377 1159 2416 mutata
1192 2376 1406 2416 structura
1446 2375 1642 2428 poscitur.
1704 2374 1864 2415 Notum

248 2446 357 2487 enim
407 2448 472 2487 est
518 2448 559 2486 in
608 2447 921 2488 enumeratione
974 2447 1158 2500 partium
1210 2447 1327 2487 velut
1378 2459 1451 2499 per
1507 2438 1655 2507 tunus'
1715 2436 1860 2507 ‘alter'

252 2509 442 2576 ‘tertius'
479 2518 708 2558 orationem
742 2530 864 2571 saepe
897 2518 1061 2558 variari.
1123 2517 1238 2557 Haeo
1270 2517 1462 2569 neglecta
1495 2517 1594 2556 sunt
1633 2516 1675 2556 in
1708 2516 1866 2556 coniec-

247 2587 353 2627 turis
388 2588 579 2639 reliquis,
622 2601 726 2640 quae
760 2589 826 2629 vel
859 2588 1048 2629 dativum
1082 2588 1278 2629 exhibent
1314 2579 1461 2649 ‘patri'
1498 2589 1539 2628 et
1575 2579 1762 2648 (patrist'
1798 2586 1864 2626 vel

248 2658 487 2710 genetivum
521 2658 660 2699 addito
686 2651 803 2719 ‘est'.
867 2659 951 2700 Cur
982 2661 1029 2699 A.
1052 2659 1174 2699 Riese
1208 2671 1450 2699 mensuram
1477 2649 1646 2719 ‘patris'
1682 2658 1864 2709 respuat,

248 2728 444 2780 equidem
498 2729 655 2769 iustam
712 2742 882 2770 causam
939 2743 1021 2770 non
1066 2729 1185 2770 video
1234 2729 1282 2770 cf.
1329 2729 1373 2769 L.
1420 2728 1587 2769 Miilleri
1635 2728 1683 2768 de
1732 2740 1762 2767 r.
1809 2739 1864 2767 m.

246 2812 286 2852 p.
319 2804 484 2851 314sq.,
516 2799 595 2839 nisi
629 2801 858 2852 speciosam
891 2801 1007 2841 illam
1040 2813 1063 2841 a
1094 2800 1159 2840 Fr.
1194 2799 1365 2841 SchOllii
1399 2799 1761 2852 argumentatione
1793 2809 1864 2850 pe-
