<?xml version="1.0" encoding="UTF-8"?>
<!DOCTYPE html PUBLIC "-//W3C//DTD XHTML 1.0 Transitional//EN"
    "http://www.w3.org/TR/xhtml1/DTD/xhtml1-transitional.dtd">
<html xmlns="http://www.w3.org/1999/xhtml" xml:lang="en" lang="en">
 <head>
  <title>
</title>
<meta http-equiv="Content-Type" content="text/html;charset=utf-8" />
  <meta name='ocr-system' content='tesseract 3.04.00' />
  <meta name='ocr-capabilities' content='ocr_page ocr_carea ocr_par ocr_line ocrx_word'/>
</head>
<body>
  <div class='ocr_page' id='page_1' title='image "./quaestionescatul00webeuoft_0058.png"; bbox 0 0 2013 3223; ppageno 0'>
   <div class='ocr_carea' id='block_1_1' title="bbox 987 148 1129 206">
    <p class='ocr_par' dir='ltr' id='par_1_1' title="bbox 987 148 1129 206">
     <span class='ocr_line' id='line_1_1' title="bbox 987 148 1129 206; baseline 0 0"><span class='ocrx_word' id='word_1_1' title='bbox 987 148 1129 206; x_wconf 38' lang='grc' dir='ltr'>μὲἐ</span> 
     </span>
    </p>
   </div>
   <div class='ocr_carea' id='block_1_2' title="bbox 282 271 1902 2866">
    <p class='ocr_par' dir='ltr' id='par_1_2' title="bbox 284 271 1897 465">
     <span class='ocr_line' id='line_1_2' title="bbox 285 271 1896 324; baseline 0.001 -11"><span class='ocrx_word' id='word_1_2' title='bbox 285 272 430 314; x_wconf 91' lang='lat' dir='ltr'>sertim</span> <span class='ocrx_word' id='word_1_3' title='bbox 463 285 559 313; x_wconf 90' lang='lat' dir='ltr'>cum</span> <span class='ocrx_word' id='word_1_4' title='bbox 591 273 791 314; x_wconf 88' lang='lat' dir='ltr'>nostratis</span> <span class='ocrx_word' id='word_1_5' title='bbox 814 273 981 324; x_wconf 86' lang='lat' dir='ltr'>linguae</span> <span class='ocrx_word' id='word_1_6' title='bbox 1014 271 1171 312; x_wconf 79' lang='lat' dir='ltr'>indoles</span> <span class='ocrx_word' id='word_1_7' title='bbox 1204 272 1247 311; x_wconf 91' lang='lat' dir='ltr'>in</span> <span class='ocrx_word' id='word_1_8' title='bbox 1278 272 1342 312; x_wconf 89' lang='lat' dir='ltr'>his</span> <span class='ocrx_word' id='word_1_9' title='bbox 1366 271 1607 314; x_wconf 88' lang='lat' dir='ltr'>differentiis</span> <span class='ocrx_word' id='word_1_10' title='bbox 1639 274 1896 315; x_wconf 74' lang='lat' dir='ltr'>tenuioribus</span> 
     </span>
     <span class='ocr_line' id='line_1_3' title="bbox 284 342 1897 395; baseline 0.001 -11"><span class='ocrx_word' id='word_1_11' title='bbox 284 342 565 384; x_wconf 89' lang='lat' dir='ltr'>discernendis</span> <span class='ocrx_word' id='word_1_12' title='bbox 614 343 794 394; x_wconf 90' lang='lat' dir='ltr'>quodam</span> <span class='ocrx_word' id='word_1_13' title='bbox 841 342 962 383; x_wconf 93' lang='lat' dir='ltr'>modo</span> <span class='ocrx_word' id='word_1_14' title='bbox 1005 342 1122 382; x_wconf 90' lang='lat' dir='ltr'>nobis</span> <span class='ocrx_word' id='word_1_15' title='bbox 1164 342 1461 395; x_wconf 87' lang='lat' dir='ltr'>impedimento</span> <span class='ocrx_word' id='word_1_16' title='bbox 1509 343 1564 383; x_wconf 89' lang='lat' dir='ltr'>sit</span> <span class='ocrx_word' id='word_1_17' title='bbox 1604 346 1645 384; x_wconf 87' lang='lat' dir='ltr'>et</span> <span class='ocrx_word' id='word_1_18' title='bbox 1678 357 1795 385; x_wconf 81' lang='lat' dir='ltr'>verae</span> <span class='ocrx_word' id='word_1_19' title='bbox 1838 345 1897 385; x_wconf 90' lang='lat' dir='ltr'>rei</span> 
     </span>
     <span class='ocr_line' id='line_1_4' title="bbox 284 412 856 465; baseline -0.003 -11"><span class='ocrx_word' id='word_1_20' title='bbox 284 413 507 465; x_wconf 73' lang='lat' dir='ltr'>cognitioni</span> <span class='ocrx_word' id='word_1_21' title='bbox 539 412 659 453; x_wconf 89' lang='lat' dir='ltr'>facile</span> <span class='ocrx_word' id='word_1_22' title='bbox 692 412 856 453; x_wconf 86' lang='lat' dir='ltr'>officiat.</span> 
     </span>
    </p>

    <p class='ocr_par' dir='ltr' id='par_1_3' title="bbox 282 481 1900 1241">
     <span class='ocr_line' id='line_1_5' title="bbox 403 481 1898 535; baseline 0.001 -11"><span class='ocrx_word' id='word_1_23' title='bbox 403 482 483 524; x_wconf 89' lang='lat' dir='ltr'>Sed</span> <span class='ocrx_word' id='word_1_24' title='bbox 530 483 572 522; x_wconf 89' lang='lat' dir='ltr'>in</span> <span class='ocrx_word' id='word_1_25' title='bbox 619 483 755 523; x_wconf 88' lang='lat' dir='ltr'>verbis</span> <span class='ocrx_word' id='word_1_26' title='bbox 808 482 960 533; x_wconf 78' lang='lat' dir='ltr'><em>Vesper</em></span> <span class='ocrx_word' id='word_1_27' title='bbox 1013 481 1186 535; x_wconf 73' lang='lat' dir='ltr'>Olympo</span> <span class='ocrx_word' id='word_1_28' title='bbox 1233 486 1446 534; x_wconf 76' lang='lat' dir='ltr'>expectata</span> <span class='ocrx_word' id='word_1_29' title='bbox 1493 483 1569 524; x_wconf 83' lang='lat' dir='ltr'>diu</span> <span class='ocrx_word' id='word_1_30' title='bbox 1613 484 1686 524; x_wconf 76' lang='lat' dir='ltr'>vix</span> <span class='ocrx_word' id='word_1_31' title='bbox 1731 484 1898 525; x_wconf 76' lang='lat' dir='ltr'>tandem</span> 
     </span>
     <span class='ocr_line' id='line_1_6' title="bbox 283 551 1897 606; baseline 0.002 -14"><span class='ocrx_word' id='word_1_32' title='bbox 283 552 448 593; x_wconf 82' lang='lat' dir='ltr'>lumina</span> <span class='ocrx_word' id='word_1_33' title='bbox 489 551 595 593; x_wconf 80' lang='lat' dir='ltr'>tollit</span> <span class='ocrx_word' id='word_1_34' title='bbox 636 552 814 593; x_wconf 90' lang='lat' dir='ltr'>formam</span> <span class='ocrx_word' id='word_1_35' title='bbox 857 551 1029 605; x_wconf 75' lang='lat' dir='ltr'>Olympo</span> <span class='ocrx_word' id='word_1_36' title='bbox 1071 554 1130 594; x_wconf 89' lang='lat' dir='ltr'>ita</span> <span class='ocrx_word' id='word_1_37' title='bbox 1168 554 1440 606; x_wconf 85' lang='lat' dir='ltr'>intellegunt,</span> <span class='ocrx_word' id='word_1_38' title='bbox 1490 557 1538 595; x_wconf 89' lang='lat' dir='ltr'>nt</span> <span class='ocrx_word' id='word_1_39' title='bbox 1578 556 1651 595; x_wconf 92' lang='lat' dir='ltr'>aut</span> <span class='ocrx_word' id='word_1_40' title='bbox 1691 555 1897 595; x_wconf 85' lang='lat' dir='ltr'>ablativus</span> 
     </span>
     <span class='ocr_line' id='line_1_7' title="bbox 284 622 1899 676; baseline 0.001 -12"><span class='ocrx_word' id='word_1_41' title='bbox 284 623 338 664; x_wconf 87' lang='lat' dir='ltr'>sit</span> <span class='ocrx_word' id='word_1_42' title='bbox 380 635 500 664; x_wconf 89' lang='lat' dir='ltr'>casus</span> <span class='ocrx_word' id='word_1_43' title='bbox 533 623 557 662; x_wconf 92' lang='lat' dir='ltr'>i.</span> <span class='ocrx_word' id='word_1_44' title='bbox 590 635 623 663; x_wconf 91' lang='lat' dir='ltr'>e.</span> <span class='ocrx_word' id='word_1_45' title='bbox 664 635 741 663; x_wconf 77' lang='lat' dir='ltr'>von</span> <span class='ocrx_word' id='word_1_46' title='bbox 774 655 781 662; x_wconf 97' lang='lat'>.</span> <span class='ocrx_word' id='word_1_47' title='bbox 815 654 823 662; x_wconf 92' lang='lat'>.</span> <span class='ocrx_word' id='word_1_48' title='bbox 856 622 948 673; x_wconf 79' lang='lat' dir='ltr'>her,</span> <span class='ocrx_word' id='word_1_49' title='bbox 989 637 1073 676; x_wconf 75' lang='lat' dir='ltr'>wey</span> <span class='ocrx_word' id='word_1_50' title='bbox 1114 626 1187 665; x_wconf 85' lang='lat' dir='ltr'>aut</span> <span class='ocrx_word' id='word_1_51' title='bbox 1225 624 1390 665; x_wconf 83' lang='lat' dir='ltr'>dativus</span> <span class='ocrx_word' id='word_1_52' title='bbox 1424 625 1668 666; x_wconf 70' lang='lat' dir='ltr'>demotionis</span> <span class='ocrx_word' id='word_1_53' title='bbox 1710 625 1732 665; x_wconf 91' lang='lat' dir='ltr'>i.</span> <span class='ocrx_word' id='word_1_54' title='bbox 1766 637 1798 666; x_wconf 91' lang='lat' dir='ltr'>e.</span> <span class='ocrx_word' id='word_1_55' title='bbox 1831 624 1899 665; x_wconf 75' lang='lat' dir='ltr'>des</span> 
     </span>
     <span class='ocr_line' id='line_1_8' title="bbox 284 691 1897 748; baseline 0.002 -16"><span class='ocrx_word' id='word_1_56' title='bbox 284 691 430 742; x_wconf 82' lang='lat' dir='ltr'>Zieles‚</span> <span class='ocrx_word' id='word_1_57' title='bbox 464 693 536 733; x_wconf 90' lang='lat' dir='ltr'>sed</span> <span class='ocrx_word' id='word_1_58' title='bbox 559 693 676 734; x_wconf 87' lang='lat' dir='ltr'>ouius</span> <span class='ocrx_word' id='word_1_59' title='bbox 700 693 960 743; x_wconf 82' lang='lat' dir='ltr'>detectionis,</span> <span class='ocrx_word' id='word_1_60' title='bbox 991 706 1073 734; x_wconf 92' lang='lat' dir='ltr'>non</span> <span class='ocrx_word' id='word_1_61' title='bbox 1096 694 1303 735; x_wconf 88' lang='lat' dir='ltr'>definitur.</span> <span class='ocrx_word' id='word_1_62' title='bbox 1346 694 1455 735; x_wconf 84' lang='lat' dir='ltr'>Nam</span> <span class='ocrx_word' id='word_1_63' title='bbox 1489 695 1597 747; x_wconf 90' lang='lat' dir='ltr'>quod</span> <span class='ocrx_word' id='word_1_64' title='bbox 1626 696 1747 736; x_wconf 86' lang='lat' dir='ltr'>Riese</span> <span class='ocrx_word' id='word_1_65' title='bbox 1779 707 1897 748; x_wconf 85' lang='lat' dir='ltr'>prae-</span> 
     </span>
     <span class='ocr_line' id='line_1_9' title="bbox 284 755 1899 825; baseline 0.002 -23"><span class='ocrx_word' id='word_1_66' title='bbox 284 764 398 803; x_wconf 88' lang='lat' dir='ltr'>terea</span> <span class='ocrx_word' id='word_1_67' title='bbox 429 762 478 803; x_wconf 88' lang='lat' dir='ltr'>de</span> <span class='ocrx_word' id='word_1_68' title='bbox 513 763 694 815; x_wconf 89' lang='lat' dir='ltr'>quodam</span> <span class='ocrx_word' id='word_1_69' title='bbox 730 764 932 825; x_wconf 52' lang='lat' dir='ltr'>Kablativo</span> <span class='ocrx_word' id='word_1_70' title='bbox 964 755 1060 805; x_wconf 81' lang='lat' dir='ltr'>loci&#39;</span> <span class='ocrx_word' id='word_1_71' title='bbox 1106 765 1321 817; x_wconf 88' lang='lat' dir='ltr'>cogitavit,</span> <span class='ocrx_word' id='word_1_72' title='bbox 1368 765 1455 818; x_wconf 89' lang='lat' dir='ltr'>ipse</span> <span class='ocrx_word' id='word_1_73' title='bbox 1488 778 1581 806; x_wconf 79' lang='lat' dir='ltr'>mox</span> <span class='ocrx_word' id='word_1_74' title='bbox 1614 766 1741 806; x_wconf 82' lang='lat' dir='ltr'>talem</span> <span class='ocrx_word' id='word_1_75' title='bbox 1772 766 1899 806; x_wconf 89' lang='lat' dir='ltr'>inter-</span> 
     </span>
     <span class='ocr_line' id='line_1_10' title="bbox 282 833 1899 886; baseline 0.002 -13"><span class='ocrx_word' id='word_1_76' title='bbox 282 833 560 886; x_wconf 84' lang='lat' dir='ltr'>pretationem</span> <span class='ocrx_word' id='word_1_77' title='bbox 607 833 707 874; x_wconf 78' lang='lat' dir='ltr'>oben</span> <span class='ocrx_word' id='word_1_78' title='bbox 753 847 822 874; x_wconf 84' lang='lat' dir='ltr'>am</span> <span class='ocrx_word' id='word_1_79' title='bbox 854 833 1046 875; x_wconf 80' lang='lat' dir='ltr'>Himmel</span> <span class='ocrx_word' id='word_1_80' title='bbox 1091 835 1219 876; x_wconf 90' lang='lat' dir='ltr'>reicit.</span> <span class='ocrx_word' id='word_1_81' title='bbox 1283 834 1365 875; x_wconf 83' lang='lat' dir='ltr'>Sed</span> <span class='ocrx_word' id='word_1_82' title='bbox 1409 836 1607 876; x_wconf 90' lang='lat' dir='ltr'>neutrum</span> <span class='ocrx_word' id='word_1_83' title='bbox 1639 848 1784 876; x_wconf 86' lang='lat' dir='ltr'>verum</span> <span class='ocrx_word' id='word_1_84' title='bbox 1825 837 1899 876; x_wconf 85' lang='lat' dir='ltr'>est.</span> 
     </span>
     <span class='ocr_line' id='line_1_11' title="bbox 283 902 1900 959; baseline 0.002 -16"><span class='ocrx_word' id='word_1_85' title='bbox 283 902 420 954; x_wconf 78' lang='lat' dir='ltr'>Quid?</span> <span class='ocrx_word' id='word_1_86' title='bbox 468 903 620 945; x_wconf 88' lang='lat' dir='ltr'>falsam</span> <span class='ocrx_word' id='word_1_87' title='bbox 658 917 748 946; x_wconf 89' lang='lat' dir='ltr'>esse</span> <span class='ocrx_word' id='word_1_88' title='bbox 793 907 834 946; x_wconf 89' lang='lat' dir='ltr'>et</span> <span class='ocrx_word' id='word_1_89' title='bbox 874 918 1025 946; x_wconf 80' lang='lat' dir='ltr'>vanam</span> <span class='ocrx_word' id='word_1_90' title='bbox 1065 908 1211 959; x_wconf 91' lang='lat' dir='ltr'>poetae</span> <span class='ocrx_word' id='word_1_91' title='bbox 1255 906 1509 959; x_wconf 89' lang='lat' dir='ltr'>opinionem,</span> <span class='ocrx_word' id='word_1_92' title='bbox 1554 906 1624 958; x_wconf 87' lang='lat' dir='ltr'>qui</span> <span class='ocrx_word' id='word_1_93' title='bbox 1665 905 1900 959; x_wconf 85' lang='lat' dir='ltr'>Vesperum</span> 
     </span>
     <span class='ocr_line' id='line_1_12' title="bbox 282 974 1896 1029; baseline 0.001 -15"><span class='ocrx_word' id='word_1_94' title='bbox 282 974 442 1014; x_wconf 89' lang='lat' dir='ltr'>lumina</span> <span class='ocrx_word' id='word_1_95' title='bbox 474 987 550 1015; x_wconf 91' lang='lat' dir='ltr'>sua</span> <span class='ocrx_word' id='word_1_96' title='bbox 579 975 631 1016; x_wconf 91' lang='lat' dir='ltr'>ad</span> <span class='ocrx_word' id='word_1_97' title='bbox 663 974 891 1029; x_wconf 80' lang='lat' dir='ltr'>Olympum</span> <span class='ocrx_word' id='word_1_98' title='bbox 922 977 1141 1017; x_wconf 88' lang='lat' dir='ltr'>tollentem</span> <span class='ocrx_word' id='word_1_99' title='bbox 1173 976 1311 1025; x_wconf 88' lang='lat' dir='ltr'>faciat,</span> <span class='ocrx_word' id='word_1_100' title='bbox 1346 976 1468 1017; x_wconf 87' lang='lat' dir='ltr'>Riese</span> <span class='ocrx_word' id='word_1_101' title='bbox 1502 976 1661 1028; x_wconf 84' lang='lat' dir='ltr'>arguit;</span> <span class='ocrx_word' id='word_1_102' title='bbox 1693 988 1842 1029; x_wconf 89' lang='lat' dir='ltr'>nempe</span> <span class='ocrx_word' id='word_1_103' title='bbox 1876 988 1896 1017; x_wconf 93' lang='lat' dir='ltr'>e</span> 
     </span>
     <span class='ocr_line' id='line_1_13' title="bbox 282 1045 1896 1100; baseline 0.001 -15"><span class='ocrx_word' id='word_1_104' title='bbox 282 1057 477 1098; x_wconf 86' lang='lat' dir='ltr'>perversa</span> <span class='ocrx_word' id='word_1_105' title='bbox 499 1045 844 1099; x_wconf 85' lang='lat' dir='ltr'>interpretatione</span> <span class='ocrx_word' id='word_1_106' title='bbox 862 1059 1054 1100; x_wconf 90' lang='lat' dir='ltr'>perverse</span> <span class='ocrx_word' id='word_1_107' title='bbox 1074 1047 1320 1099; x_wconf 80' lang='lat' dir='ltr'>cogitavisse</span> <span class='ocrx_word' id='word_1_108' title='bbox 1340 1048 1462 1100; x_wconf 89' lang='lat' dir='ltr'>poeta</span> <span class='ocrx_word' id='word_1_109' title='bbox 1480 1047 1651 1099; x_wconf 86' lang='lat' dir='ltr'>cogitur.</span> <span class='ocrx_word' id='word_1_110' title='bbox 1683 1046 1896 1087; x_wconf 85' lang='lat' dir='ltr'>Baehrens</span> 
     </span>
     <span class='ocr_line' id='line_1_14' title="bbox 284 1116 1897 1169; baseline 0.001 -13"><span class='ocrx_word' id='word_1_111' title='bbox 284 1117 426 1156; x_wconf 87' lang='lat' dir='ltr'>autem</span> <span class='ocrx_word' id='word_1_112' title='bbox 469 1116 629 1157; x_wconf 91' lang='lat' dir='ltr'>duobus</span> <span class='ocrx_word' id='word_1_113' title='bbox 667 1117 767 1157; x_wconf 89' lang='lat' dir='ltr'>locis</span> <span class='ocrx_word' id='word_1_114' title='bbox 808 1117 1026 1165; x_wconf 81' lang='lat' dir='ltr'>adhibitis,</span> <span class='ocrx_word' id='word_1_115' title='bbox 1075 1130 1254 1169; x_wconf 90' lang='lat' dir='ltr'>quorum</span> <span class='ocrx_word' id='word_1_116' title='bbox 1288 1118 1467 1158; x_wconf 85' lang='lat' dir='ltr'>alterum</span> <span class='ocrx_word' id='word_1_117' title='bbox 1498 1118 1686 1158; x_wconf 89' lang='lat' dir='ltr'>nominat</span> <span class='ocrx_word' id='word_1_118' title='bbox 1718 1119 1897 1161; x_wconf 83' lang='lat' dir='ltr'>tantum.</span> 
     </span>
     <span class='ocr_line' id='line_1_15' title="bbox 284 1187 1802 1241; baseline 0.001 -15"><span class='ocrx_word' id='word_1_119' title='bbox 284 1187 463 1226; x_wconf 87' lang='lat' dir='ltr'>alterum</span> <span class='ocrx_word' id='word_1_120' title='bbox 495 1187 742 1228; x_wconf 90' lang='lat' dir='ltr'>mutilatum</span> <span class='ocrx_word' id='word_1_121' title='bbox 774 1188 981 1241; x_wconf 86' lang='lat' dir='ltr'>proponit,</span> <span class='ocrx_word' id='word_1_122' title='bbox 1014 1188 1245 1229; x_wconf 85' lang='lat' dir='ltr'>ablativum</span> <span class='ocrx_word' id='word_1_123' title='bbox 1278 1201 1366 1229; x_wconf 88' lang='lat' dir='ltr'>esse</span> <span class='ocrx_word' id='word_1_124' title='bbox 1399 1188 1550 1228; x_wconf 89' lang='lat' dir='ltr'>iniuria</span> <span class='ocrx_word' id='word_1_125' title='bbox 1582 1188 1802 1229; x_wconf 81' lang='lat' dir='ltr'>contendit.</span> 
     </span>
    </p>

    <p class='ocr_par' dir='ltr' id='par_1_4' title="bbox 399 1257 1815 1310">
     <span class='ocr_line' id='line_1_16' title="bbox 399 1257 1815 1310; baseline 0.001 -13"><span class='ocrx_word' id='word_1_126' title='bbox 399 1258 459 1297; x_wconf 89' lang='lat' dir='ltr'>Ac</span> <span class='ocrx_word' id='word_1_127' title='bbox 490 1257 673 1310; x_wconf 89' lang='lat' dir='ltr'>primum</span> <span class='ocrx_word' id='word_1_128' title='bbox 705 1258 820 1298; x_wconf 91' lang='lat' dir='ltr'>locus</span> <span class='ocrx_word' id='word_1_129' title='bbox 853 1258 1110 1298; x_wconf 85' lang='lat' dir='ltr'>Horatianus</span> <span class='ocrx_word' id='word_1_130' title='bbox 1143 1259 1185 1298; x_wconf 93' lang='lat' dir='ltr'>in</span> <span class='ocrx_word' id='word_1_131' title='bbox 1218 1260 1294 1298; x_wconf 88' lang='lat' dir='ltr'>sat.</span> <span class='ocrx_word' id='word_1_132' title='bbox 1327 1258 1346 1298; x_wconf 94' lang='grc' dir='ltr'>Ι</span> <span class='ocrx_word' id='word_1_133' title='bbox 1381 1263 1416 1307; x_wconf 83' lang='grc'>5,</span> <span class='ocrx_word' id='word_1_134' title='bbox 1453 1265 1504 1299; x_wconf 79' lang='lat'>10</span> <span class='ocrx_word' id='word_1_135' title='bbox 1537 1259 1639 1299; x_wconf 90' lang='lat' dir='ltr'>haec</span> <span class='ocrx_word' id='word_1_136' title='bbox 1671 1259 1815 1299; x_wconf 88' lang='lat' dir='ltr'>habet:</span> 
     </span>
    </p>

    <p class='ocr_par' dir='ltr' id='par_1_5' title="bbox 283 1328 1902 2866">
     <span class='ocr_line' id='line_1_17' title="bbox 800 1328 1385 1369; baseline 0 -1"><span class='ocrx_word' id='word_1_137' title='bbox 800 1328 887 1368; x_wconf 79' lang='lat' dir='ltr'>iam</span> <span class='ocrx_word' id='word_1_138' title='bbox 918 1341 1001 1369; x_wconf 73' lang='lat' dir='ltr'>noa:</span> <span class='ocrx_word' id='word_1_139' title='bbox 1032 1328 1228 1368; x_wconf 77' lang='lat' dir='ltr'>inducere</span> <span class='ocrx_word' id='word_1_140' title='bbox 1259 1328 1385 1369; x_wconf 83' lang='lat' dir='ltr'>terris</span> 
     </span>
     <span class='ocr_line' id='line_1_18' title="bbox 575 1397 1605 1451; baseline -0.001 -11"><span class='ocrx_word' id='word_1_141' title='bbox 575 1397 753 1440; x_wconf 79' lang='lat' dir='ltr'>Umbras</span> <span class='ocrx_word' id='word_1_142' title='bbox 786 1401 823 1439; x_wconf 90' lang='lat' dir='ltr'>et</span> <span class='ocrx_word' id='word_1_143' title='bbox 854 1398 966 1440; x_wconf 82' lang='lat' dir='ltr'>caelo</span> <span class='ocrx_word' id='word_1_144' title='bbox 998 1399 1234 1450; x_wconf 76' lang='lat' dir='ltr'>diffundere</span> <span class='ocrx_word' id='word_1_145' title='bbox 1266 1399 1391 1451; x_wconf 67' lang='lat' dir='ltr'>siqua</span> <span class='ocrx_word' id='word_1_146' title='bbox 1416 1399 1605 1450; x_wconf 76' lang='lat' dir='ltr'>parabat</span> 
     </span>
     <span class='ocr_line' id='line_1_19' title="bbox 284 1468 1899 1523; baseline 0.001 -15"><span class='ocrx_word' id='word_1_147' title='bbox 284 1468 308 1508; x_wconf 88' lang='lat' dir='ltr'>i.</span> <span class='ocrx_word' id='word_1_148' title='bbox 340 1480 372 1508; x_wconf 92' lang='lat' dir='ltr'>e.</span> <span class='ocrx_word' id='word_1_149' title='bbox 415 1469 649 1521; x_wconf 88' lang='lat' dir='ltr'>aequaliter</span> <span class='ocrx_word' id='word_1_150' title='bbox 687 1482 760 1523; x_wconf 93' lang='lat' dir='ltr'>per</span> <span class='ocrx_word' id='word_1_151' title='bbox 800 1472 937 1510; x_wconf 91' lang='lat' dir='ltr'>totum</span> <span class='ocrx_word' id='word_1_152' title='bbox 971 1471 1134 1511; x_wconf 86' lang='lat' dir='ltr'>caelum</span> <span class='ocrx_word' id='word_1_153' title='bbox 1179 1471 1252 1522; x_wconf 76' lang='lat' dir='ltr'>(z</span> <span class='ocrx_word' id='word_1_154' title='bbox 1273 1470 1374 1510; x_wconf 73' lang='lat' dir='ltr'>iiber</span> <span class='ocrx_word' id='word_1_155' title='bbox 1397 1502 1434 1510; x_wconf 92' lang='lat'>..</span> <span class='ocrx_word' id='word_1_156' title='bbox 1467 1469 1558 1521; x_wconf 78' lang='lat' dir='ltr'>hin)</span> <span class='ocrx_word' id='word_1_157' title='bbox 1599 1471 1717 1522; x_wconf 84' lang='lat' dir='ltr'>signa</span> <span class='ocrx_word' id='word_1_158' title='bbox 1750 1469 1899 1510; x_wconf 89' lang='lat' dir='ltr'>diffun-</span> 
     </span>
     <span class='ocr_line' id='line_1_20' title="bbox 284 1538 1898 1593; baseline -0.001 -14"><span class='ocrx_word' id='word_1_159' title='bbox 284 1538 452 1579; x_wconf 86' lang='lat' dir='ltr'>duntur.</span> <span class='ocrx_word' id='word_1_160' title='bbox 515 1540 601 1581; x_wconf 89' lang='lat' dir='ltr'>Nec</span> <span class='ocrx_word' id='word_1_161' title='bbox 643 1541 725 1580; x_wconf 88' lang='lat' dir='ltr'>alia</span> <span class='ocrx_word' id='word_1_162' title='bbox 767 1542 831 1581; x_wconf 86' lang='lat' dir='ltr'>est</span> <span class='ocrx_word' id='word_1_163' title='bbox 875 1541 981 1581; x_wconf 89' lang='lat' dir='ltr'>ratio</span> <span class='ocrx_word' id='word_1_164' title='bbox 1023 1541 1195 1581; x_wconf 85' lang='lat' dir='ltr'>alterius</span> <span class='ocrx_word' id='word_1_165' title='bbox 1238 1541 1314 1581; x_wconf 80' lang='lat' dir='ltr'>loci</span> <span class='ocrx_word' id='word_1_166' title='bbox 1349 1540 1457 1593; x_wconf 87' lang='lat' dir='ltr'>apud</span> <span class='ocrx_word' id='word_1_167' title='bbox 1493 1540 1685 1580; x_wconf 70' lang='lat' dir='ltr'>ovidium</span> <span class='ocrx_word' id='word_1_168' title='bbox 1730 1541 1770 1580; x_wconf 92' lang='lat' dir='ltr'>in</span> <span class='ocrx_word' id='word_1_169' title='bbox 1803 1539 1898 1580; x_wconf 85' lang='lat' dir='ltr'>fast.</span> 
     </span>
     <span class='ocr_line' id='line_1_21' title="bbox 283 1609 792 1662; baseline 0.004 -13"><span class='ocrx_word' id='word_1_170' title='bbox 283 1609 344 1650; x_wconf 93' lang='lat' dir='ltr'>IV</span> <span class='ocrx_word' id='word_1_171' title='bbox 380 1614 533 1662; x_wconf 87' lang='lat' dir='ltr'>943sq.</span> <span class='ocrx_word' id='word_1_172' title='bbox 566 1611 792 1651; x_wconf 83' lang='lat' dir='ltr'>exstantis:</span> 
     </span>
     <span class='ocr_line' id='line_1_22' title="bbox 523 1679 1654 1734; baseline -0.002 -12"><span class='ocrx_word' id='word_1_173' title='bbox 523 1679 627 1722; x_wconf 82' lang='lat' dir='ltr'>Cum</span> <span class='ocrx_word' id='word_1_174' title='bbox 659 1680 843 1734; x_wconf 68' lang='lat' dir='ltr'>Pliryqis</span> <span class='ocrx_word' id='word_1_175' title='bbox 873 1681 1083 1722; x_wconf 81' lang='lat' dir='ltr'>Assaraci</span> <span class='ocrx_word' id='word_1_176' title='bbox 1118 1681 1315 1722; x_wconf 75' lang='lat' dir='ltr'>Tithonia</span> <span class='ocrx_word' id='word_1_177' title='bbox 1347 1681 1482 1733; x_wconf 79' lang='lat' dir='ltr'>fratre</span> <span class='ocrx_word' id='word_1_178' title='bbox 1514 1680 1654 1721; x_wconf 58' lang='lat' dir='ltr'>&gt;relicto</span> 
     </span>
     <span class='ocr_line' id='line_1_23' title="bbox 583 1749 1528 1801; baseline 0 -9"><span class='ocrx_word' id='word_1_179' title='bbox 583 1749 767 1792; x_wconf 74' lang='lat' dir='ltr'>Sustulit</span> <span class='ocrx_word' id='word_1_180' title='bbox 798 1752 987 1792; x_wconf 66' lang='lat' dir='ltr'>inmenso</span> <span class='ocrx_word' id='word_1_181' title='bbox 1018 1755 1080 1792; x_wconf 86' lang='lat' dir='ltr'>ter</span> <span class='ocrx_word' id='word_1_182' title='bbox 1111 1752 1237 1792; x_wconf 46' lang='lat' dir='ltr'>*iubar</span> <span class='ocrx_word' id='word_1_183' title='bbox 1268 1752 1360 1792; x_wconf 75' lang='lat' dir='ltr'>orbe</span> <span class='ocrx_word' id='word_1_184' title='bbox 1393 1766 1528 1801; x_wconf 83' lang='lat' dir='ltr'>suum,</span> 
     </span>
     <span class='ocr_line' id='line_1_24' title="bbox 284 1821 1899 1876; baseline 0 -14"><span class='ocrx_word' id='word_1_185' title='bbox 284 1821 354 1862; x_wconf 87' lang='lat' dir='ltr'>ubi</span> <span class='ocrx_word' id='word_1_186' title='bbox 387 1834 435 1862; x_wconf 85' lang='lat' dir='ltr'>ea</span> <span class='ocrx_word' id='word_1_187' title='bbox 466 1823 638 1874; x_wconf 87' lang='lat' dir='ltr'>cogitari</span> <span class='ocrx_word' id='word_1_188' title='bbox 670 1835 751 1863; x_wconf 91' lang='lat' dir='ltr'>non</span> <span class='ocrx_word' id='word_1_189' title='bbox 783 1824 924 1876; x_wconf 89' lang='lat' dir='ltr'>potest</span> <span class='ocrx_word' id='word_1_190' title='bbox 955 1823 1079 1871; x_wconf 90' lang='lat' dir='ltr'>notio,</span> <span class='ocrx_word' id='word_1_191' title='bbox 1122 1823 1239 1863; x_wconf 86' lang='lat' dir='ltr'>cuius</span> <span class='ocrx_word' id='word_1_192' title='bbox 1273 1823 1359 1864; x_wconf 92' lang='lat' dir='ltr'>loco</span> <span class='ocrx_word' id='word_1_193' title='bbox 1392 1825 1619 1876; x_wconf 87' lang='lat' dir='ltr'>usurpatur</span> <span class='ocrx_word' id='word_1_194' title='bbox 1651 1823 1899 1876; x_wconf 87' lang='lat' dir='ltr'>praepositio</span> 
     </span>
     <span class='ocr_line' id='line_1_25' title="bbox 291 1884 1277 1948; baseline 0.001 -16"><span class='ocrx_word' id='word_1_195' title='bbox 291 1884 372 1948; x_wconf 49' lang='lat' dir='ltr'>‘ab&#39;</span> <span class='ocrx_word' id='word_1_196' title='bbox 408 1893 450 1932; x_wconf 93' lang='lat' dir='ltr'>in</span> <span class='ocrx_word' id='word_1_197' title='bbox 483 1893 707 1934; x_wconf 82' lang='lat' dir='ltr'>extollendi</span> <span class='ocrx_word' id='word_1_198' title='bbox 740 1894 863 1934; x_wconf 86' lang='lat' dir='ltr'>verbo</span> <span class='ocrx_word' id='word_1_199' title='bbox 896 1894 920 1934; x_wconf 91' lang='lat' dir='ltr'>l.</span> <span class='ocrx_word' id='word_1_200' title='bbox 954 1906 985 1934; x_wconf 90' lang='lat' dir='ltr'>c.</span> <span class='ocrx_word' id='word_1_201' title='bbox 1017 1893 1060 1934; x_wconf 87' lang='grc' dir='ltr'>ΙΙ</span> <span class='ocrx_word' id='word_1_202' title='bbox 1096 1899 1176 1935; x_wconf 86' lang='grc'>149</span> <span class='ocrx_word' id='word_1_203' title='bbox 1195 1907 1277 1946; x_wconf 90' lang='lat' dir='ltr'>sq.:</span> 
     </span>
     <span class='ocr_line' id='line_1_26' title="bbox 463 1963 1704 2016; baseline 0 -13"><span class='ocrx_word' id='word_1_204' title='bbox 463 1963 647 2015; x_wconf 73' lang='lat' dir='ltr'>Quintus</span> <span class='ocrx_word' id='word_1_205' title='bbox 679 1963 731 2004; x_wconf 83' lang='lat' dir='ltr'>ab</span> <span class='ocrx_word' id='word_1_206' title='bbox 764 1965 982 2016; x_wconf 77' lang='lat' dir='ltr'>aequoreis</span> <span class='ocrx_word' id='word_1_207' title='bbox 1012 1964 1196 2004; x_wconf 73' lang='lat' dir='ltr'>nitidum</span> <span class='ocrx_word' id='word_1_208' title='bbox 1238 1963 1366 2004; x_wconf 77' lang='lat' dir='ltr'>iubar</span> <span class='ocrx_word' id='word_1_209' title='bbox 1398 1963 1545 2004; x_wconf 68' lang='lat' dir='ltr'>extulit</span> <span class='ocrx_word' id='word_1_210' title='bbox 1576 1964 1704 2004; x_wconf 70' lang='lat' dir='ltr'>undis</span> 
     </span>
     <span class='ocr_line' id='line_1_27' title="bbox 519 2033 1436 2086; baseline 0.001 -12"><span class='ocrx_word' id='word_1_211' title='bbox 519 2033 708 2086; x_wconf 77' lang='lat' dir='ltr'>Lucifer,</span> <span class='ocrx_word' id='word_1_212' title='bbox 741 2037 778 2075; x_wconf 87' lang='lat' dir='ltr'>et</span> <span class='ocrx_word' id='word_1_213' title='bbox 800 2035 939 2086; x_wconf 78' lang='lat' dir='ltr'>primi</span> <span class='ocrx_word' id='word_1_214' title='bbox 971 2037 1155 2086; x_wconf 76' lang='lat' dir='ltr'>tempora</span> <span class='ocrx_word' id='word_1_215' title='bbox 1186 2035 1296 2075; x_wconf 77' lang='lat' dir='ltr'>veris</span> <span class='ocrx_word' id='word_1_216' title='bbox 1327 2038 1436 2076; x_wconf 70' lang='lat' dir='ltr'>eunt.</span> 
     </span>
     <span class='ocr_line' id='line_1_28' title="bbox 285 2105 1899 2160; baseline 0.001 -15"><span class='ocrx_word' id='word_1_217' title='bbox 285 2105 393 2145; x_wconf 91' lang='lat' dir='ltr'>Hinc</span> <span class='ocrx_word' id='word_1_218' title='bbox 433 2117 480 2146; x_wconf 84' lang='lat' dir='ltr'>ex</span> <span class='ocrx_word' id='word_1_219' title='bbox 521 2106 592 2146; x_wconf 89' lang='lat' dir='ltr'>illa</span> <span class='ocrx_word' id='word_1_220' title='bbox 634 2106 768 2159; x_wconf 90' lang='lat' dir='ltr'>priore</span> <span class='ocrx_word' id='word_1_221' title='bbox 808 2107 973 2147; x_wconf 91' lang='lat' dir='ltr'>notione</span> <span class='ocrx_word' id='word_1_222' title='bbox 1015 2107 1235 2160; x_wconf 90' lang='lat' dir='ltr'>perspicua</span> <span class='ocrx_word' id='word_1_223' title='bbox 1272 2107 1318 2146; x_wconf 78' lang='lat' dir='ltr'>fit</span> <span class='ocrx_word' id='word_1_224' title='bbox 1350 2118 1498 2155; x_wconf 85' lang='lat' dir='ltr'>causa,</span> <span class='ocrx_word' id='word_1_225' title='bbox 1541 2119 1613 2146; x_wconf 82' lang='lat' dir='ltr'>cur</span> <span class='ocrx_word' id='word_1_226' title='bbox 1646 2118 1667 2146; x_wconf 89' lang='lat' dir='ltr'>a</span> <span class='ocrx_word' id='word_1_227' title='bbox 1702 2106 1899 2147; x_wconf 85' lang='lat' dir='ltr'>vocabulo</span> 
     </span>
     <span class='ocr_line' id='line_1_29' title="bbox 289 2167 1899 2238; baseline 0.001 -22"><span class='ocrx_word' id='word_1_228' title='bbox 289 2167 444 2236; x_wconf 38' lang='lat' dir='ltr'>‘totus&#39;</span> <span class='ocrx_word' id='word_1_229' title='bbox 496 2177 738 2229; x_wconf 84' lang='lat' dir='ltr'>saepissime</span> <span class='ocrx_word' id='word_1_230' title='bbox 787 2177 1036 2230; x_wconf 87' lang='lat' dir='ltr'>praepositio</span> <span class='ocrx_word' id='word_1_231' title='bbox 1089 2167 1166 2238; x_wconf 46' lang='lat' dir='ltr'>‘in&#39;</span> <span class='ocrx_word' id='word_1_232' title='bbox 1218 2179 1266 2217; x_wconf 90' lang='lat' dir='ltr'>ut</span> <span class='ocrx_word' id='word_1_233' title='bbox 1314 2177 1432 2217; x_wconf 91' lang='lat' dir='ltr'>aiunt</span> <span class='ocrx_word' id='word_1_234' title='bbox 1480 2177 1589 2217; x_wconf 89' lang='lat' dir='ltr'>absit</span> <span class='ocrx_word' id='word_1_235' title='bbox 1645 2177 1707 2218; x_wconf 89' lang='lat' dir='ltr'>vel</span> <span class='ocrx_word' id='word_1_236' title='bbox 1762 2177 1899 2230; x_wconf 88' lang='lat' dir='ltr'>potius</span> 
     </span>
     <span class='ocr_line' id='line_1_30' title="bbox 289 2238 1900 2307; baseline 0.001 -21"><span class='ocrx_word' id='word_1_237' title='bbox 289 2238 451 2307; x_wconf 71' lang='lat' dir='ltr'>tdesit&#39;.</span> <span class='ocrx_word' id='word_1_238' title='bbox 514 2246 632 2297; x_wconf 84' lang='lat' dir='ltr'>Quod</span> <span class='ocrx_word' id='word_1_239' title='bbox 667 2248 777 2288; x_wconf 89' lang='lat' dir='ltr'>enim</span> <span class='ocrx_word' id='word_1_240' title='bbox 808 2248 932 2300; x_wconf 87' lang='lat' dir='ltr'>vulgo</span> <span class='ocrx_word' id='word_1_241' title='bbox 965 2247 1225 2288; x_wconf 86' lang='lat' dir='ltr'>contendunt</span> <span class='ocrx_word' id='word_1_242' title='bbox 1258 2248 1428 2299; x_wconf 88' lang='lat' dir='ltr'>quidam</span> <span class='ocrx_word' id='word_1_243' title='bbox 1459 2248 1659 2296; x_wconf 87' lang='lat' dir='ltr'>homines,</span> <span class='ocrx_word' id='word_1_244' title='bbox 1707 2247 1747 2288; x_wconf 93' lang='lat' dir='ltr'>id</span> <span class='ocrx_word' id='word_1_245' title='bbox 1779 2248 1821 2288; x_wconf 92' lang='lat' dir='ltr'>in</span> <span class='ocrx_word' id='word_1_246' title='bbox 1854 2259 1900 2288; x_wconf 89' lang='lat' dir='ltr'>eo</span> 
     </span>
     <span class='ocr_line' id='line_1_31' title="bbox 286 2317 1900 2372; baseline 0.001 -15"><span class='ocrx_word' id='word_1_247' title='bbox 286 2317 464 2358; x_wconf 80' lang='lat' dir='ltr'>maxime</span> <span class='ocrx_word' id='word_1_248' title='bbox 497 2319 695 2359; x_wconf 91' lang='lat' dir='ltr'>vocabulo</span> <span class='ocrx_word' id='word_1_249' title='bbox 728 2318 817 2359; x_wconf 87' lang='lat' dir='ltr'>fieri</span> <span class='ocrx_word' id='word_1_250' title='bbox 849 2319 1002 2367; x_wconf 85' lang='lat' dir='ltr'>solere,</span> <span class='ocrx_word' id='word_1_251' title='bbox 1046 2318 1155 2370; x_wconf 91' lang='lat' dir='ltr'>quod</span> <span class='ocrx_word' id='word_1_252' title='bbox 1198 2319 1299 2359; x_wconf 89' lang='lat' dir='ltr'>item</span> <span class='ocrx_word' id='word_1_253' title='bbox 1332 2331 1453 2372; x_wconf 87' lang='lat' dir='ltr'>saepe</span> <span class='ocrx_word' id='word_1_254' title='bbox 1491 2331 1573 2359; x_wconf 92' lang='lat' dir='ltr'>non</span> <span class='ocrx_word' id='word_1_255' title='bbox 1605 2318 1693 2359; x_wconf 89' lang='lat' dir='ltr'>fieri</span> <span class='ocrx_word' id='word_1_256' title='bbox 1726 2319 1900 2359; x_wconf 88' lang='lat' dir='ltr'>constat.</span> 
     </span>
     <span class='ocr_line' id='line_1_32' title="bbox 287 2388 1901 2442; baseline 0.001 -15"><span class='ocrx_word' id='word_1_257' title='bbox 287 2388 321 2428; x_wconf 90' lang='lat' dir='ltr'>is</span> <span class='ocrx_word' id='word_1_258' title='bbox 354 2400 455 2428; x_wconf 90' lang='lat' dir='ltr'>usus</span> <span class='ocrx_word' id='word_1_259' title='bbox 497 2389 538 2428; x_wconf 93' lang='lat' dir='ltr'>in</span> <span class='ocrx_word' id='word_1_260' title='bbox 578 2389 668 2442; x_wconf 89' lang='lat' dir='ltr'>ipsa</span> <span class='ocrx_word' id='word_1_261' title='bbox 700 2402 822 2430; x_wconf 90' lang='lat' dir='ltr'>casus</span> <span class='ocrx_word' id='word_1_262' title='bbox 854 2391 1010 2430; x_wconf 89' lang='lat' dir='ltr'>natura</span> <span class='ocrx_word' id='word_1_263' title='bbox 1041 2389 1254 2438; x_wconf 75' lang='lat' dir='ltr'>consistit,</span> <span class='ocrx_word' id='word_1_264' title='bbox 1298 2390 1363 2430; x_wconf 91' lang='lat' dir='ltr'>cui</span> <span class='ocrx_word' id='word_1_265' title='bbox 1396 2389 1483 2430; x_wconf 89' lang='lat' dir='ltr'>eius</span> <span class='ocrx_word' id='word_1_266' title='bbox 1516 2389 1703 2430; x_wconf 79' lang='lat' dir='ltr'>vocabuli</span> <span class='ocrx_word' id='word_1_267' title='bbox 1737 2389 1796 2429; x_wconf 87' lang='lat' dir='ltr'>vis</span> <span class='ocrx_word' id='word_1_268' title='bbox 1830 2388 1901 2429; x_wconf 90' lang='lat' dir='ltr'>ad-</span> 
     </span>
     <span class='ocr_line' id='line_1_33' title="bbox 287 2458 1901 2513; baseline 0.001 -15"><span class='ocrx_word' id='word_1_269' title='bbox 287 2458 458 2499; x_wconf 86' lang='lat' dir='ltr'>modum</span> <span class='ocrx_word' id='word_1_270' title='bbox 491 2459 723 2512; x_wconf 88' lang='lat' dir='ltr'>propinqua</span> <span class='ocrx_word' id='word_1_271' title='bbox 757 2462 820 2501; x_wconf 89' lang='lat' dir='ltr'>est</span> <span class='ocrx_word' id='word_1_272' title='bbox 852 2460 1181 2512; x_wconf 89' lang='lat' dir='ltr'>facillimumque</span> <span class='ocrx_word' id='word_1_273' title='bbox 1214 2460 1386 2513; x_wconf 85' lang='lat' dir='ltr'>praebet</span> <span class='ocrx_word' id='word_1_274' title='bbox 1418 2460 1597 2508; x_wconf 87' lang='lat' dir='ltr'>aditum,</span> <span class='ocrx_word' id='word_1_275' title='bbox 1629 2473 1710 2500; x_wconf 88' lang='lat' dir='ltr'>non</span> <span class='ocrx_word' id='word_1_276' title='bbox 1745 2460 1785 2500; x_wconf 91' lang='lat' dir='ltr'>in</span> <span class='ocrx_word' id='word_1_277' title='bbox 1819 2460 1901 2500; x_wconf 92' lang='lat' dir='ltr'>sin-</span> 
     </span>
     <span class='ocr_line' id='line_1_34' title="bbox 287 2529 1901 2584; baseline 0.002 -16"><span class='ocrx_word' id='word_1_278' title='bbox 287 2529 422 2581; x_wconf 85' lang='lat' dir='ltr'>gulari</span> <span class='ocrx_word' id='word_1_279' title='bbox 470 2530 610 2581; x_wconf 89' lang='lat' dir='ltr'>aliqua</span> <span class='ocrx_word' id='word_1_280' title='bbox 657 2531 744 2572; x_wconf 90' lang='lat' dir='ltr'>eius</span> <span class='ocrx_word' id='word_1_281' title='bbox 791 2531 981 2572; x_wconf 79' lang='lat' dir='ltr'>vocabuli</span> <span class='ocrx_word' id='word_1_282' title='bbox 1027 2530 1206 2571; x_wconf 88' lang='lat' dir='ltr'>licentia.</span> <span class='ocrx_word' id='word_1_283' title='bbox 1268 2532 1325 2571; x_wconf 88' lang='lat' dir='ltr'>Ac</span> <span class='ocrx_word' id='word_1_284' title='bbox 1375 2531 1505 2571; x_wconf 90' lang='lat' dir='ltr'>solam</span> <span class='ocrx_word' id='word_1_285' title='bbox 1553 2530 1901 2584; x_wconf 87' lang='lat' dir='ltr'>praepositionem</span> 
     </span>
     <span class='ocr_line' id='line_1_35' title="bbox 292 2590 1902 2660; baseline 0.002 -22"><span class='ocrx_word' id='word_1_286' title='bbox 292 2590 370 2660; x_wconf 39' lang='lat' dir='ltr'>‘in‘</span> <span class='ocrx_word' id='word_1_287' title='bbox 407 2599 631 2640; x_wconf 91' lang='lat' dir='ltr'>desiderari</span> <span class='ocrx_word' id='word_1_288' title='bbox 663 2601 890 2654; x_wconf 88' lang='lat' dir='ltr'>prudenter</span> <span class='ocrx_word' id='word_1_289' title='bbox 921 2600 1160 2642; x_wconf 86' lang='lat' dir='ltr'>iudicabant</span> <span class='ocrx_word' id='word_1_290' title='bbox 1188 2601 1297 2641; x_wconf 90' lang='lat' dir='ltr'>docti</span> <span class='ocrx_word' id='word_1_291' title='bbox 1328 2601 1389 2641; x_wconf 91' lang='lat' dir='ltr'>illi</span> <span class='ocrx_word' id='word_1_292' title='bbox 1420 2602 1757 2654; x_wconf 75' lang='lat' dir='ltr'>grammatistae3</span> <span class='ocrx_word' id='word_1_293' title='bbox 1790 2601 1902 2642; x_wconf 89' lang='lat' dir='ltr'>vide-</span> 
     </span>
     <span class='ocr_line' id='line_1_36' title="bbox 288 2662 1900 2733; baseline 0.002 -24"><span class='ocrx_word' id='word_1_294' title='bbox 288 2669 385 2710; x_wconf 87' lang='lat' dir='ltr'>licet</span> <span class='ocrx_word' id='word_1_295' title='bbox 416 2670 457 2710; x_wconf 94' lang='lat' dir='ltr'>in</span> <span class='ocrx_word' id='word_1_296' title='bbox 492 2665 713 2731; x_wconf 34' lang='lat' dir='ltr'>‘ablativo’</span> <span class='ocrx_word' id='word_1_297' title='bbox 748 2671 1042 2725; x_wconf 87' lang='lat' dir='ltr'>praepositioni</span> <span class='ocrx_word' id='word_1_298' title='bbox 1069 2662 1182 2733; x_wconf 44' lang='lat' dir='ltr'>‘per&#39;</span> <span class='ocrx_word' id='word_1_299' title='bbox 1218 2671 1334 2712; x_wconf 89' lang='lat' dir='ltr'>locus</span> <span class='ocrx_word' id='word_1_300' title='bbox 1367 2685 1449 2712; x_wconf 93' lang='lat' dir='ltr'>non</span> <span class='ocrx_word' id='word_1_301' title='bbox 1481 2672 1615 2712; x_wconf 87' lang='lat' dir='ltr'>datur.</span> <span class='ocrx_word' id='word_1_302' title='bbox 1679 2671 1760 2713; x_wconf 87' lang='lat' dir='ltr'>Sed</span> <span class='ocrx_word' id='word_1_303' title='bbox 1790 2671 1900 2712; x_wconf 92' lang='lat' dir='ltr'>enim</span> 
     </span>
     <span class='ocr_line' id='line_1_37' title="bbox 289 2734 1896 2803; baseline 0.001 -23"><span class='ocrx_word' id='word_1_304' title='bbox 289 2741 433 2781; x_wconf 89' lang='lat' dir='ltr'>utrum</span> <span class='ocrx_word' id='word_1_305' title='bbox 466 2753 594 2793; x_wconf 88' lang='lat' dir='ltr'>purus</span> <span class='ocrx_word' id='word_1_306' title='bbox 629 2754 750 2783; x_wconf 89' lang='lat' dir='ltr'>casus</span> <span class='ocrx_word' id='word_1_307' title='bbox 783 2743 908 2783; x_wconf 92' lang='lat' dir='ltr'>huius</span> <span class='ocrx_word' id='word_1_308' title='bbox 938 2742 1130 2782; x_wconf 88' lang='lat' dir='ltr'>vocabuli</span> <span class='ocrx_word' id='word_1_309' title='bbox 1164 2742 1412 2783; x_wconf 87' lang='lat' dir='ltr'>adhibeatur</span> <span class='ocrx_word' id='word_1_310' title='bbox 1445 2754 1497 2782; x_wconf 90' lang='lat' dir='ltr'>an</span> <span class='ocrx_word' id='word_1_311' title='bbox 1530 2742 1779 2795; x_wconf 89' lang='lat' dir='ltr'>praepositio</span> <span class='ocrx_word' id='word_1_312' title='bbox 1816 2734 1896 2803; x_wconf 43' lang='lat' dir='ltr'>‘in&#39;</span> 
     </span>
     <span class='ocr_line' id='line_1_38' title="bbox 289 2810 1803 2866; baseline 0.001 -15"><span class='ocrx_word' id='word_1_313' title='bbox 289 2810 326 2852; x_wconf 92' lang='lat' dir='ltr'>ei</span> <span class='ocrx_word' id='word_1_314' title='bbox 359 2810 549 2859; x_wconf 88' lang='lat' dir='ltr'>addatur,</span> <span class='ocrx_word' id='word_1_315' title='bbox 582 2812 622 2852; x_wconf 90' lang='lat' dir='ltr'>id</span> <span class='ocrx_word' id='word_1_316' title='bbox 654 2825 852 2866; x_wconf 87' lang='lat' dir='ltr'>persaepe</span> <span class='ocrx_word' id='word_1_317' title='bbox 885 2826 909 2854; x_wconf 91' lang='lat' dir='ltr'>a</span> <span class='ocrx_word' id='word_1_318' title='bbox 940 2813 1155 2854; x_wconf 89' lang='lat' dir='ltr'>voluntate</span> <span class='ocrx_word' id='word_1_319' title='bbox 1189 2814 1357 2853; x_wconf 88' lang='lat' dir='ltr'>tantum</span> <span class='ocrx_word' id='word_1_320' title='bbox 1390 2813 1607 2854; x_wconf 86' lang='lat' dir='ltr'>scribent-is</span> <span class='ocrx_word' id='word_1_321' title='bbox 1640 2812 1803 2865; x_wconf 85' lang='lat' dir='ltr'>pendet.</span> 
     </span>
    </p>
   </div>
  </div>
 </body>
</html>
