2013 3223
809 154 1016 213 „la-'‘L-

105 280 349 322 cohibeatur
381 281 423 320 et
457 280 564 335 (tam
584 277 703 318 firmo
735 278 900 319 vinculo
924 277 975 319 ad
996 277 1092 318 novi
1114 276 1300 329 coniugis
1322 275 1493 316 domum
1515 274 1726 327 adligetur

106 362 236 402 quam
266 341 452 390 hedera’.

227 419 307 460 Sed
339 420 522 472 primum
554 419 717 459 laborat
748 430 796 459 ea
827 418 1119 471 interpretatio
1152 429 1176 457 a
1209 416 1442 457 sententiae
1475 415 1723 456 difficultate

104 492 149 531 et
181 502 359 531 conexus
401 489 647 542 asperitate,
690 500 796 540 quae
845 489 958 529 omni
996 488 1136 528 careat
1174 486 1442 539 simplicitate
1484 487 1526 527 et
1564 484 1725 539 perspi-

106 561 263 602 cuitate
297 559 556 606 Catulliana;
598 558 744 599 deinde
786 559 845 599 ita
884 558 1076 599 dominae
1118 556 1203 598 sive
1246 557 1364 597 uxori
1402 557 1446 597 hi
1491 567 1637 597 versus
1678 556 1726 595 ut

106 631 298 684 propriae
339 630 491 670 iniuria
532 629 817 677 vindicantur,
858 629 924 669 cui
963 629 1058 681 post
1099 627 1269 668 demum
1307 626 1402 667 inde
1435 638 1468 679 La
1507 638 1632 667 versu
1670 629 1723 667 86

103 701 355 754 praecipuus
386 701 502 740 locus
534 699 744 740 tribuitur.

225 771 474 812 Rectissime
505 770 634 822 igitur
673 769 838 810 Bonnet
879 769 1085 809 commate
1126 775 1221 821 post
1260 767 1366 808 illud
1411 760 1549 826 ‘voca'
1591 765 1726 819 posito

106 842 320 883 coniunxit
356 841 560 903 (coniugis
594 839 788 892 cupidam
820 839 916 880 novi
956 829 1187 886 mentem',
1237 850 1364 890 quam
1405 839 1453 878 ut
1491 849 1629 878 amore
1671 848 1727 877 sc.

106 924 207 964 erga
237 912 439 952 maritum
471 911 673 952 revinciat
703 910 974 963 Hymenaeus
1008 908 1145 957 efficit,
1178 909 1287 949 sicut
1318 910 1444 949 tenax
1475 907 1631 948 hedera
1663 919 1728 947 ar-

107 983 251 1024 borem
291 982 488 1035 implicat.
560 981 675 1021 Haec
721 980 781 1020 ita
822 979 1138 1032 interpretanda
1181 991 1270 1019 esse
1314 978 1459 1019 statim
1500 977 1728 1031 apparebit.

105 1053 248 1094 Tenax
279 1053 408 1105 igitur
438 1051 593 1092 hedera
624 1051 691 1092 hic
722 1063 804 1091 non
840 1063 904 1111 cse
936 1050 1072 1102 illigat
1104 1049 1257 1097 arbori,
1301 1061 1483 1101 quacum
1526 1050 1590 1089 est
1633 1060 1727 1088 con-

106 1115 285 1171 iuncta'‚
307 1125 356 1163 ut
382 1122 440 1163 ait
457 1122 684 1170 Baehrens,
711 1121 781 1161 sed
807 1123 855 1161 ut·
873 1120 982 1173 apud
1000 1120 1181 1160 Paulum
1198 1120 1313 1160 Festi
1329 1132 1367 1172 p.
1388 1124 1470 1161 100
1495 1118 1670 1180 chedera
1693 1151 1700 1159 .
1720 1149 1728 1157 .

107 1194 300 1234 omnia..
331 1183 486 1244 illigat'
523 1192 702 1232 brachiis
725 1191 833 1237 suis:
866 1203 943 1232 nec
964 1191 1103 1231 minus
1141 1190 1318 1252 cadsitas
1351 1190 1448 1231 vitis
1470 1189 1728 1242 implicatar-

107 1255 248 1305 bores³
285 1264 336 1317 (V.
364 1268 443 1304 106
458 1263 534 1315 sq.)
564 1262 783 1315 pampinis
830 1261 939 1302 Item
961 1263 1011 1301 ut
1035 1274 1150 1301 amor
1170 1261 1348 1301 maritae
1376 1259 1582 1321 ‘coniugis
1615 1259 1730 1312 cupi-

108 1334 207 1374 dam
238 1335 334 1375 novi
365 1325 574 1374 mentem³
609 1333 822 1375 revinciat.
855 1332 1089 1385 Hymenaei
1111 1344 1210 1372 cura
1233 1343 1323 1372 esse
1356 1329 1576 1372 debet.Sed
1594 1330 1637 1370 in
1661 1341 1730 1370 vo-

108 1405 256 1446 cabulo
279 1399 486 1465 ‘domum'
507 1416 589 1444 non
607 1402 696 1444 ἀπὸ
714 1409 853 1444 κοινοῦ
874 1402 1154 1455 supplendum
1172 1414 1261 1443 esse
1281 1414 1301 1442 e
1321 1401 1593 1453 sequentibus
1610 1412 1730 1441 voca-

109 1475 256 1515 bulum
285 1467 510 1535 ‘coniugis’
540 1474 750 1515 monuisse
773 1486 855 1514 non
877 1473 1024 1513 inutile
1048 1473 1114 1513 sit.
1160 1472 1350 1512 Primum
1374 1471 1484 1512 enim
1503 1471 1538 1511 si
1560 1470 1731 1511 domum

108 1545 277 1586 domina
299 1545 483 1585 vocanda
507 1546 581 1593 est,
602 1545 720 1585 nulla
738 1544 819 1584 alia
837 1544 1003 1584 omnino
1027 1543 1174 1584 domus
1193 1543 1424 1595 cogitatum
1449 1541 1595 1582 deinde
1625 1553 1731 1603 (con-

108 1607 238 1668 iugis'
272 1628 436 1663 nomen,
470 1628 550 1667 quo
572 1617 661 1655 tota
685 1615 816 1655 oratio
848 1614 996 1662 tendit,
1028 1614 1168 1666 ipsum
1201 1613 1346 1654 statim
1378 1612 1661 1664 subsequitur.

228 1686 448 1739 Duplicem
490 1686 600 1726 enim
642 1684 821 1725 notionis
864 1685 948 1725 vim
990 1687 1032 1725 et
1072 1684 1276 1725 rationem
1319 1685 1480 1724 certum
1522 1681 1732 1734 quoddam

110 1756 299 1797 admittit
330 1769 461 1808 genus
494 1756 809 1804 vocabulorum,
843 1767 949 1807 quae
983 1767 1076 1795 eam
1120 1755 1326 1795 actionem
1359 1753 1607 1805 significant,
1650 1763 1732 1804 qua

109 1828 260 1867 mutua
293 1826 472 1867 duarum
504 1839 646 1867 rerum
690 1825 874 1866 condicio
917 1825 1106 1866 efficitur.
1167 1825 1247 1872 Ut,
1290 1837 1386 1865 cum
1426 1823 1511 1864 filia
1553 1834 1734 1864 comme-

109 1899 311 1946 moratur,
348 1898 604 1958 tcomplexus
637 1889 805 1937 matris'
842 1896 901 1936 ita
926 1897 1065 1948 potest
1098 1894 1269 1936 effectus
1303 1907 1404 1941 esse,
1437 1896 1486 1934 ut
1516 1893 1601 1933 filia
1643 1904 1734 1933 ma-

110 1969 221 2009 trem
253 1968 554 2021 complectatus
589 1969 663 2008 aut
695 1968 743 2007 ut
773 1968 910 2007 mater
941 1966 1070 2006 filiam
1103 1965 1152 2006 cf.
1183 1978 1221 2018 p.
1245 1971 1297 2006 47
1310 1977 1369 2017 sq.
1431 1964 1533 2005 Inde
1567 1963 1733 2016 saepius

111 2038 399 2091 ambiguitatis
435 2038 640 2090 quaedam
673 2037 830 2090 species
864 2049 912 2077 ex
944 2037 1022 2077 hac
1054 2036 1298 2089 duplicitate
1330 2034 1520 2075 nascitur
1551 2033 1732 2074 maxime

109 2109 155 2150 in
185 2109 436 2157 nominibus,
470 2109 548 2149 etsi
580 2109 667 2161 ipse
702 2108 900 2148 orationis
934 2119 1111 2148 conexus
1146 2105 1246 2158 quid
1278 2105 1338 2146 rei
1371 2105 1426 2146 sit
1458 2104 1734 2145 demonstrat.

109 2179 162 2220 In
194 2179 331 2219 verbis
362 2178 404 2218 id
437 2178 616 2230 quidem,
650 2178 684 2218 si
717 2178 867 2218 acriter
899 2189 987 2217 rem
1021 2176 1205 2224 definias,
1237 2175 1327 2216 fieri
1358 2187 1441 2216 non
1472 2176 1612 2227 potest
1654 2173 1735 2214 nisi

110 2250 156 2290 in
186 2249 432 2290 lectionibus
464 2249 573 2289 male
605 2248 780 2289 tentatis
814 2248 879 2288 vel
912 2247 1128 2300 corruptis.
1190 2247 1371 2298 Magnus
1401 2246 1544 2286 autem
1576 2246 1641 2285 est
1672 2245 1736 2285 ta-

111 2320 217 2360 lium
239 2320 461 2360 verborum
481 2331 694 2368 numerus,
728 2320 775 2359 ut
801 2309 1126 2380 ‘circumdandi'
1156 2309 1413 2379 ‘inducendi'
1450 2305 1736 2377 tobducendi',

112 2390 163 2431 de
198 2390 349 2442 quibus
393 2390 630 2430 accuratius
673 2401 873 2442 quaerere
914 2388 1016 2429 utile
1060 2388 1126 2428 sit.
1187 2387 1247 2429 Ut
1286 2387 1329 2427 in
1370 2400 1406 2427 v.
1450 2391 1532 2428 106
1576 2385 1736 2426 adsitae

111 2460 311 2502 dicuntur
343 2461 530 2509 arbores,
565 2472 668 2512 quas
701 2460 798 2501 vitis
840 2459 1046 2512 implicat,
1088 2458 1233 2499 eodem
1278 2469 1450 2511 prorsus
1489 2455 1612 2497 modo
1655 2467 1736 2508 quo

113 2530 289 2572 Ovidius
321 2531 364 2571 in
394 2530 482 2571 her.
514 2530 552 2569 V
585 2536 639 2572 47
675 2530 797 2571 dicit:

349 2599 449 2641 Non
478 2600 539 2640 sic
571 2599 778 2652 adpositis
808 2600 993 2640 vincitur
1023 2599 1180 2640 vitibus
1210 2597 1361 2639 ulmus.

114 2671 198 2713 Sed
229 2684 376 2712 rursus
410 2671 513 2712 Cato
546 2671 595 2712 de
626 2683 658 2711 r.
680 2683 712 2711 r.
745 2676 798 2713 32
836 2662 984 2728 ‘vites'
1020 2672 1069 2711 ut
1103 2659 1393 2732 ‘adserantur‘
1430 2667 1548 2708 iuxta
1570 2666 1737 2707 arbores

113 2743 260 2796 poscit.
321 2742 385 2783 Ab
416 2744 514 2782 utra
546 2741 657 2782 enim
688 2754 732 2782 re
766 2741 817 2782 ad
859 2742 1003 2782 utram
1043 2741 1087 2780 in
1124 2740 1189 2780 his
1230 2739 1366 2780 verbis
1410 2737 1518 2779 actio
1558 2736 1738 2777 transire

114 2812 291 2862 dicatur,
323 2813 527 2853 nimirum
558 2812 601 2853 id
634 2824 658 2852 a
688 2812 847 2865 potiore
880 2811 1053 2853 alterius
1086 2810 1223 2851 utrius
1265 2809 1326 2851 rei
1365 2808 1533 2850 notione
1573 2805 1749 2861 pendet-
