2013 3223
1033 139 1086 176 88

898 265 944 302 ut
975 262 1179 302 meditata
1211 262 1445 314 requirant.

479 333 577 374 Non
607 332 773 384 frustra
806 333 1075 382 meditantur,

245 405 327 446 etsi
358 405 436 444 hae
469 416 551 444 non
584 403 775 456 propriae
810 404 898 444 eius
932 403 1061 444 fuisse
1095 403 1305 444 dicuntur.

362 475 515 515 Totum
557 475 700 514 autem
741 486 911 515 carmen
960 474 1247 515 membrorum
1290 474 1589 526 aequabilitate
1633 475 1675 515 et
1715 474 1876 528 perspi-

245 545 402 586 cuitate
434 544 596 596 insigne
630 546 706 591 est,
739 557 835 585 cum
867 545 909 584 in
934 545 1115 597 strophis
1139 545 1248 585 inter
1272 558 1314 585 se
1338 545 1692 598 respondentibus
1716 548 1808 585 tum
1831 545 1874 585 in

245 615 421 668 singulis
455 614 658 666 cuiusque
692 615 887 668 strophae
920 615 1021 668 ipsis
1056 615 1285 656 enuntiatis
1319 615 1368 656 cf.
1402 628 1436 656 v.
1462 620 1589 668 21sq.
1621 621 1674 657 60
1688 628 1746 668 sq.
1781 615 1875 656 alia.

363 755 514 796 Restat
545 756 594 795 ut
627 754 833 806 quasdam
866 767 1009 796 eorum
1034 755 1246 808 opiniones
1279 756 1574 808 perstringam,
1609 755 1680 808 qui
1703 755 1752 796 de
1784 755 1876 808 ipso

245 825 442 866 carminis
476 825 647 866 consilio
680 825 890 877 rebusque
924 826 1116 866 tractatis
1149 838 1232 866 non
1254 826 1409 866 rectius
1432 826 1725 867 iudicaverunt
1748 837 1876 877 quam

246 895 296 936 de
338 908 490 937 scaena
533 897 575 937 et
613 896 799 943 actione,
830 908 913 936 non
946 898 994 936 ut
1025 896 1176 937 horum
1209 896 1395 937 virorum
1434 909 1651 950 perversas
1693 896 1878 937 rationes

246 967 493 1020 vituperem,
527 966 599 1008 sed
631 968 680 1007 ut
712 967 763 1007 ab
797 966 1033 1008 admirabili
1055 968 1132 1008 hoc
1155 967 1350 1016 carmine,
1384 967 1494 1019 quod
1526 968 1657 1020 ipsius
1682 967 1878 1020 Sapphus

251 1037 513 1090 epithalamii
536 1037 712 1078 alicuius
735 1037 907 1078 unicum
930 1038 1047 1078 nobis
1082 1039 1296 1078 servatum
1329 1040 1394 1079 est
1417 1038 1703 1088 simulacrum,
1736 1037 1879 1078 fucata

245 1108 605 1161 interpretationis
647 1107 956 1149 medicamenta
1001 1109 1205 1161 repellam
1254 1110 1296 1149 et
1344 1122 1491 1150 verum
1532 1109 1713 1150 nitorem
1753 1108 1879 1150 malis

250 1179 411 1220 artibus
444 1179 647 1220 infectum
679 1179 928 1219 restituam:

367 1249 488 1300 Quod
519 1249 706 1290 Pleitner
738 1249 763 1289 l.
797 1262 828 1289 c.
861 1262 899 1302 p.
934 1255 987 1290 63
1023 1249 1148 1289 dixit:
1182 1263 1224 1289 es
1263 1248 1400 1301 fehlen
1442 1249 1532 1290 dem
1568 1248 1765 1299 Gedielzt,
1806 1262 1880 1290 um

247 1320 335 1372 auf
359 1320 450 1361 eine
483 1319 702 1361 besomlere
743 1318 1062 1372 Veraoleasszmy
1091 1319 1293 1372 gyedielztet
1329 1333 1383 1361 eu
1413 1320 1528 1369 sein,
1570 1319 1652 1360 alle
1692 1319 1881 1361 m't‘lzeren

246 1390 563 1444 Andeutmzyen
603 1389 813 1432 desselben
845 1423 853 1430 .
887 1423 895 1431 .
930 1403 963 1440 .,·
1005 1391 1240 1432 cmderseits
1279 1390 1352 1431 hat
1392 1403 1433 1432 es
1473 1390 1627 1431 wieder
1675 1390 1797 1431 einen
1835 1402 1883 1431 so

246 1461 399 1514 seharf
448 1464 756 1515 ausyepraqten
803 1461 1113 1503 individuale-n
1162 1460 1420 1511 Clam-aliter,
1480 1461 1580 1502 dass
1627 1461 1694 1502 die
1739 1460 1884 1513 hiesiir

247 1533 511 1585 nothwendiy
541 1532 967 1574 vorauseuseteenden
1010 1531 1294 1574 Vemeltmsse
1325 1532 1444 1573 kei-ne
1467 1531 1751 1584 allyemeinen,
1784 1543 1880 1572 son-

250 1604 354 1645 dern
387 1603 605 1645 besomlers
633 1602 831 1655 yeqebene
862 1616 915 1644 eu
946 1603 1038 1644 sein
1069 1603 1264 1644 schemen
1309 1628 1360 1632 ——
1403 1603 1443 1643 id
1488 1603 1658 1655 quidem
1699 1615 1742 1644 re
1784 1614 1882 1643 vera

251 1688 347 1717 cum
381 1675 521 1727 aliquo
564 1674 667 1715 recti
709 1687 836 1715 sensu
877 1674 1036 1715 dictum
1078 1676 1153 1715 est.
1226 1674 1307 1715 Sed
1350 1686 1456 1726 quae
1497 1674 1537 1714 in
1579 1675 1657 1715 hoc
1699 1674 1883 1715 carmine

250 1746 480 1788 desiderari
514 1758 678 1798 quoque
711 1746 934 1786 videantur
967 1746 1017 1786 ab
1051 1746 1146 1786 aliis
1179 1758 1261 1785 non
1294 1745 1353 1785 ita
1385 1745 1529 1798 paucis
1569 1745 1884 1798 interpretibus,

251 1830 300 1859 ea
332 1817 546 1859 commode
581 1816 876 1869 comprehendi
908 1818 1085 1869 possunt
1116 1816 1181 1857 his
1205 1816 1479 1869 opinionibus,
1514 1828 1618 1868 quas
1642 1815 1775 1857 Bonin
1799 1816 1824 1855 l.
1847 1827 1883 1856 c.

250 1902 288 1942 p.
324 1896 347 1929 8
382 1888 599 1941 proposuit
631 1889 673 1928 et
704 1888 764 1927 ita
796 1888 1034 1940 proposuit,
1067 1889 1115 1927 ut
1147 1900 1244 1928 cum
1277 1887 1326 1928 de
1361 1886 1529 1928 Catullo
1572 1887 1792 1936 iudicavit,
1832 1886 1884 1927 de

254 1959 450 2012 Sapphus
493 1958 625 2011 ipsius
669 1960 758 1999 arte
799 1958 1006 1999 iudicasse
1048 1958 1252 1998 videatur.
1322 1957 1474 2009 Itaque
1515 1957 1550 1998 si
1591 1969 1751 1998 errores
1794 1957 1884 1997 eius

254 2030 322 2071 hic
364 2041 666 2078 commemoro,
708 2029 857 2070 erroris
908 2030 996 2070 loco
1038 2029 1221 2082 reposita
1264 2029 1440 2069 veritate
1481 2029 1606 2068 simul
1651 2027 1884 2081 Sapphicae

254 2101 390 2154 poesis
425 2101 583 2154 species
617 2102 659 2141 et
691 2100 851 2140 indoles
885 2100 1022 2140 verius
1055 2100 1335 2152 intellegetur.

372 2173 431 2212 Ac
464 2171 647 2224 primum
679 2171 765 2212 iam
798 2171 900 2211 satis
934 2171 1094 2211 dictum
1127 2173 1191 2211 est
1224 2171 1324 2222 quid
1357 2170 1631 2211 statuendum
1654 2170 1710 2210 sit
1733 2169 1782 2210 de
1805 2168 1885 2218 his,

256 2255 363 2295 quae
396 2243 465 2283 ille
498 2242 697 2294 requirit:
730 2244 846 2282 ‘mesre
886 2253 1016 2282 unser
1056 2241 1166 2282 Liecl
1206 2241 1409 2281 bestimmt
1447 2253 1652 2293 aewesen,
1694 2238 1887 2280 wirlclielz

252 2325 464 2366 yesetozyeva
495 2326 547 2354 eu
579 2312 756 2362 werden,
789 2312 901 2353 hatte
933 2326 974 2352 es
1006 2312 1124 2352 claun
1147 2312 1220 2352 cler
1243 2312 1549 2364 ausyedelmten
1572 2309 1887 2351 dramatischen

255 2383 515 2435 Exposition
546 2397 581 2424 v.
615 2384 756 2423 1—18
789 2383 968 2436 bedmft,
1001 2396 1072 2423 um
1116 2382 1195 2423 (len
1235 2382 1365 2423 Leser
1403 2396 1456 2424 eu
1499 2380 1786 2423 orientieren?
1828 2404 1885 2410 —

255 2455 344 2495 Nec
376 2454 515 2495 minus
549 2454 656 2495 falsa
689 2456 789 2495 sunt
822 2467 928 2507 quae
962 2454 1011 2495 de
1045 2454 1266 2495 sententiis
1299 2454 1522 2507 hymenaei
1561 2453 1645 2494 sive
1689 2452 1887 2494 carminis

257 2525 470 2566 amoebaei
502 2525 683 2578 profert:
716 2538 845 2565 zcoszfser
879 2524 1057 2566 Gedicht
1087 2524 1225 2565 macla}
1267 2525 1346 2565 den
1388 2524 1632 2572 Evado-uelo,
1681 2522 1745 2564 als
1784 2522 1889 2563 habe

261 2594 403 2637 Catall
435 2595 502 2635 die
533 2595 749 2636 sclzensten
784 2595 1036 2645 Gedcmken,
1071 2595 1139 2636 die
1171 2608 1215 2636 er
1258 2595 1321 2636 bea·
1361 2594 1748 2636 Hoclmeitslzfedern
1788 2592 1888 2634 doeh

255 2665 363 2707 wohl
397 2666 541 2707 immeo·
572 2666 879 2707 ‹zvieclerkehren
909 2666 998 2715 salt,
1032 2665 1215 2718 losyelo‘st
1246 2679 1326 2706 von
1358 2665 1471 2706 allen
1484 2663 1779 2717 persoulielzen
1800 2662 1887 2704 Be-

255 2736 489 2788 zielzunyen
510 2737 897 2789 eusammenfassen
930 2736 1085 2786 wellen,
1118 2736 1222 2777 habe
1255 2737 1366 2777 (laen
1396 2736 1464 2777 (lie
1487 2735 1618 2776 For-m
1640 2734 1711 2776 (les
1742 2734 1801 2775 W
1798 2733 1887 2775 ech-

258 2807 517 2860 selyesawyes
561 2808 740 2858 yewc'ilelt
784 2808 874 2848 und
903 2808 990 2858 sie,
1047 2820 1090 2848 so
1135 2810 1208 2860 yut
1263 2821 1304 2848 es
1347 2808 1469 2860 92‘1729,
1512 2807 1591 2847 den
1657 2804 1892 2846 remise-hen
