2013 3223
1051 125 1133 161 142

399 320 453 360 Π.
501 319 708 361 Carminis
739 319 811 367 IX,
844 331 924 370 quo
950 318 1145 360 Catullus
1167 319 1400 362 Veranium
1431 323 1612 364 amicum
1636 336 1684 365 ex
1705 324 1912 379 Hispania,

282 390 478 432 reducem
513 390 778 438 consalutat,
811 401 957 430 versus
1002 390 1127 442 primi
1169 391 1353 443 quinque
1394 393 1436 433 in
1479 392 1691 435 Schwabei
1732 395 1911 438 editione

283 461 341 502 sic
373 461 648 513 praebentur:

531 529 705 578 Verani,
740 529 931 571 omnibus
964 544 983 570 e
1015 530 1118 571 meis
1150 531 1300 572 amicis

517 600 746 641 Antistans
778 600 884 641 mila·
915 600 1088 641 milibus
1120 603 1324 652 trecentis,

526 670 743 711 Venistine
776 670 940 711 domum
974 671 1032 711 acl
1062 668 1154 712 tuos
1182 676 1355 723 penates

517 740 779 793 Fran-esque
812 742 1040 783 unanimos
1071 755 1284 795 anumque
1317 744 1526 786 matrem?

461 818 483 854 5
528 811 704 853 Venisti.
738 825 760 852 o
792 812 899 853 mihi
930 813 1076 853 nuntii
1109 813 1246 854 beati!

281 883 420 924 Habet
455 882 494 924 G
525 884 567 923 in
600 895 725 924 versu
760 889 779 923 1
820 875 896 945 (θ’,
934 881 968 925 Ο
1001 884 1153 925 omisit.
1219 884 1298 926 Sed
1332 886 1436 927 illud
1473 881 1533 947 ‘e'
1569 900 1705 940 neque
1729 900 1825 930 cum
1849 902 1914 931 se-

284 954 429 1007 quenti
460 966 584 994 ver-su
617 954 828 995 conciliari
859 967 995 1007 neque
1027 956 1238 1008 perleges
1273 957 1476 998 sermonis
1510 960 1622 999 stare
1653 961 1804 1012 potest.
1851 962 1913 1002 Ac

282 1025 467 1078 primum
501 1024 670 1077 quidem
704 1037 752 1065 ex
785 1026 977 1066 omnibus
1011 1026 1098 1067 suis
1133 1027 1278 1068 amicis
1322 1026 1517 1069 Catullus
1559 1028 1792 1071 Veranium
1835 1014 1912 1072 sib³³i

282 1096 306 1136 i.
341 1108 373 1136 e.
407 1108 427 1136 e
461 1108 534 1136 suo
567 1095 722 1139 iudicio
756 1098 798 1136 et
829 1097 1047 1137 voluntate
1082 1097 1286 1138 antistare
1322 1098 1494 1139 milibus
1537 1100 1735 1141 trecentis
1778 1100 1915 1142 dicere

283 1179 367 1207 non
399 1168 550 1219 potest.
614 1165 717 1216 Quis
767 1167 898 1215 enim,
945 1169 994 1207 ut
1035 1167 1084 1208 de
1132 1168 1263 1220 ipsius
1313 1170 1545 1211 sententiae
1592 1171 1915 1224 importunitate

282 1237 387 1277 nihil
410 1249 744 1286 commemorem,
777 1239 945 1277 tantum
978 1238 1027 1277 ut
1058 1250 1262 1290 magnum
1286 1239 1516 1280 amicorum
1538 1253 1763 1282 numerum
1787 1242 1917 1295 signi-

281 1308 378 1349 ficet
418 1310 507 1349 tam
549 1308 689 1361 inepte
732 1308 799 1348 vel
839 1308 1000 1349 tumide
1049 1320 1142 1349 eam
1184 1309 1438 1350 locutionem
1480 1310 1676 1352 adhibere
1718 1312 1822 1353 velit
1861 1312 1914 1353 ad

285 1380 467 1420 amicum
501 1379 813 1431 alloquendum.
876 1379 982 1419 Tum
1016 1392 1112 1420 vero
1144 1392 1195 1421 ne
1230 1392 1278 1421 ex
1320 1381 1512 1422 omnibus
1556 1382 1726 1434 quidem
1769 1383 1916 1425 amicis

284 1450 492 1490 antistans
527 1462 617 1490 esse
649 1452 789 1503 potest
820 1449 1042 1499 Veranius,
1076 1451 1173 1503 quia
1206 1451 1437 1492 antistandi
1469 1453 1644 1494 verbum
1667 1466 1763 1494 cum
1795 1465 1918 1507 prae-

283 1520 487 1574 positione
532 1512 593 1582 (e'
637 1533 718 1561 non
762 1521 1043 1570 construitur,
1086 1521 1196 1574 quod
1238 1522 1455 1563 Baehrens
1504 1525 1615 1564 recte
1662 1524 1827 1565 monuit
1870 1525 1915 1566 in

285 1603 432 1632 comm.
463 1604 501 1644 p.
537 1597 633 1639 112,
665 1603 801 1643 neque
845 1592 1012 1632 omnino
1053 1594 1224 1645 propter
1263 1592 1494 1646 praefixum
1541 1586 1679 1653 ‘ante'
1727 1595 1916 1635 construi

286 1664 438 1715 potest.
486 1662 625 1703 Riesei
657 1662 797 1714 igitur,
832 1663 902 1714 qui
934 1663 1032 1703 huic
1064 1663 1137 1703 uni
1169 1663 1256 1704 loco
1280 1675 1372 1704 eam
1406 1664 1759 1706 constructionem
1790 1665 1917 1706 nimis

283 1732 513 1773 liberaliter
546 1733 762 1781 concessit,
797 1733 978 1774 alterum
1013 1745 1179 1786 quoque
1220 1733 1455 1775 remedium
1494 1735 1560 1775 vel
1600 1736 1770 1789 propter
1807 1736 1919 1777 hanc

284 1804 420 1856 ipsam
452 1804 589 1855 legem
621 1803 788 1844 irritum
822 1816 912 1845 esse
946 1804 1080 1845 debet.
1142 1804 1253 1845 Nam
1287 1805 1321 1845 si
1366 1805 1500 1867 tmilia
1540 1797 1747 1847 trecenta'
1782 1806 1917 1847 nomi-

284 1876 451 1923 nantur,
485 1876 595 1915 certe
630 1874 749 1915 cuius
782 1874 842 1915 rei
886 1875 1002 1928 copia
1043 1875 1302 1927 significetur
1347 1876 1442 1916 sciri
1483 1876 1607 1917 debet
1644 1889 1721 1918 nec
1761 1877 1917 1918 habere

282 1947 424 1998 potest
454 1945 496 1985 id
529 1945 779 1986 vocabulum
816 1946 985 1998 plenam
1019 1948 1060 1986 et
1090 1946 1248 1987 iustam
1291 1947 1505 1987 notionem
1543 1947 1624 1987 nisi
1667 1947 1807 1989 addito
1848 1948 1917 1989 vel

285 2016 476 2069 suppleto
511 2016 713 2068 genetivo.
760 2016 899 2069 Negat
930 2016 971 2056 id
1003 2017 1138 2066 Riese,
1172 2029 1267 2058 cum
1303 2008 1458 2079 ‘milia’
1494 2029 1568 2070 per
1601 2029 1643 2058 se
1678 2029 1798 2058 suam
1829 2018 1917 2059 vim

284 2087 437 2128 habere
471 2087 706 2136 contendit,
747 2100 829 2128 non
869 2087 1040 2140 negavit
1079 2087 1268 2137 Pseiffer,
1317 2100 1413 2129 cum
1459 2088 1503 2129 in
1546 2088 1719 2141 symbol.
1762 2088 1918 2130 Catull.

283 2171 322 2211 p.
356 2164 407 2199 51
444 2157 493 2198 de
525 2158 695 2198 milibus
728 2158 927 2199 trecentis
966 2170 1169 2211 passuum
1212 2158 1279 2199 hio
1321 2159 1625 2211 interpretatus
1667 2161 1742 2200 est.
1804 2159 1915 2201 Nam

287 2229 396 2281 quod
418 2229 487 2269 ille
511 2228 562 2269 ad
586 2241 682 2269 eum
706 2241 831 2269 usum
855 2228 1210 2282 comprobandum
1233 2229 1355 2270 affert
1373 2229 1531 2271 Catulli
1549 2242 1581 2271 c.
1599 2229 1866 2271 XXXXVIH
1889 2235 1917 2273 3

284 2311 416 2351 nsque
448 2299 506 2339 ad
535 2298 660 2339 milia
683 2299 839 2340 basiem
861 2302 1056 2349 trecenta,
1088 2300 1145 2341 ibi
1178 2312 1198 2341 e
1230 2301 1355 2341 verbo
1387 2300 1579 2341 basiandi
1610 2300 1729 2341 facile
1763 2302 1805 2342 et
1827 2301 1918 2342 sine
1984 2290 1987 2292 ’

285 2370 373 2410 ulla
404 2371 636 2423 legentium
678 2370 937 2412 dubitatione
983 2363 1236 2432 ‘basiorum'
1284 2372 1468 2424 suppleri
1507 2372 1636 2425 patet.
1699 2370 1917 2422 Quomodo

286 2440 397 2481 idem
420 2442 714 2494 comprobetur
736 2442 824 2482 loco
846 2442 1077 2483 Horatiano
1099 2442 1142 2482 in
1166 2443 1243 2482 sat.
1266 2441 1310 2482 Π
1345 2447 1381 2491 3,
1415 2447 1497 2484 116
1530 2454 1652 2483 nemo
1685 2442 1917 2495 intelleget.

287 2511 396 2563 Ergo
428 2512 471 2551 in
512 2524 635 2553 versu
676 2513 747 2553 illo
782 2512 940 2554 Catulli
979 2513 1085 2554 nihil
1129 2513 1242 2554 aliud
1289 2513 1370 2554 nisi
1416 2505 1684 2575 ‘amicorum'
1731 2513 1918 2567 suppleri

286 2584 435 2635 potest.

404 2652 497 2693 Iam
529 2650 745 2695 Baehrens
779 2655 959 2695 maxime
994 2655 1092 2707 quia
1128 2653 1163 2696 O
1204 2654 1310 2695 illud
1345 2646 1407 2716 (θ’
1452 2653 1676 2703 omisisset,
1718 2653 1916 2706 quoniam

288 2723 526 2764 interiectio
558 2724 600 2764 in
632 2725 752 2765 libris
784 2737 868 2766 non
900 2737 993 2765 raro
1028 2725 1306 2773 omitteretur,
1340 2725 1606 2766 scribendum
1629 2736 1719 2765 esse
1750 2724 1920 2777 putavit

290 2794 503 2856 ‘omnibus
546 2807 567 2835 o
611 2795 715 2836 meis
759 2795 903 2836 amicis
946 2787 1190 2836 antistans'.
1256 2794 1337 2836 Sed
1380 2795 1438 2836 sic
1475 2795 1675 2848 oppositio
1709 2794 1919 2847 quaedam
