2013 3223
885 152 939 189 89

83 274 588 327 ‘Hochzeitsqebrduchen
618 279 852 329 anyepasst.
913 277 1024 329 Ergo
1056 276 1285 317 tesserulas
1328 275 1532 327 quasdam
1575 276 1728 316 vermi-

107 346 268 387 culatas
300 346 410 386 inter
442 357 485 386 se
518 346 762 387 commissas
793 347 864 387 ille
896 347 1038 395 cernit,
1073 358 1179 398 quae
1211 346 1317 386 nihil
1350 345 1464 386 aliud
1495 346 1728 398 praebeant

106 416 188 457 nisi
220 416 399 468 effigiem
441 416 653 468 quandam
694 416 882 457 eiusdem
922 417 982 457 rei
1021 417 1223 469 repetitae
1263 416 1467 457 coloribus
1508 416 1727 456 variatam.

109 485 192 528 Sed
223 498 318 527 vere
351 486 496 527 adesse
527 487 712 539 primum
744 487 951 527 actionem
982 487 1155 540 pulchre
1189 487 1231 526 et
1270 486 1464 526 distincte
1496 486 1727 527 indicatam

106 556 208 610 ipsis
241 556 459 609 agentium
490 557 647 605 verbis,
680 556 827 597 deinde
859 557 999 610 ipsum
1029 557 1311 610 hymenaeum
1351 556 1412 596 ita
1451 556 1639 605 institui,
1678 557 1729 596 ut

111 627 162 668 ab
193 627 312 667 initio
345 626 575 675 artificiose,
609 627 681 667 sed
714 627 802 667 sine
834 627 922 668 ulla
954 627 1152 668 violentia
1184 627 1351 679 sumpto
1391 638 1612 679 processus
1654 626 1729 667 ali·

108 697 201 749 quis
232 697 308 737 fiat
339 697 644 737 sententiarum
674 697 781 737 lenis
814 697 1038 749 suavisque
1072 698 1299 749 augmenta
1332 709 1409 737 sua
1431 696 1634 749 recipiens
1676 697 1729 737 ab

105 767 237 821 ipsius
271 767 445 807 actionis
476 779 710 820 progressu,
743 767 922 819 denique
955 769 1003 807 ut
1035 769 1248 808 certamen
1279 767 1400 820 plene
1424 769 1466 808 et
1489 768 1583 820 apte
1617 779 1730 807 com-

106 839 298 891 ponatur,
330 837 372 877 id
402 837 452 878 iis
487 849 593 889 quae
632 850 759 890 supra
799 837 1108 890 disputavimus
1150 837 1345 878 effectum
1386 850 1475 878 esse
1515 839 1729 890 putamus.

105 908 256 960 Itaque
289 909 486 960 quoniam
519 910 616 961 apta
649 910 748 949 sunt
780 909 918 949 omnia
951 910 993 949 et
1023 908 1132 949 inter
1164 920 1206 949 se
1240 921 1405 956 conexa,
1436 910 1486 949 ut
1516 920 1729 960 nusquam

107 979 198 1019 hiet
227 991 304 1019 nec
337 979 445 1019 actio
476 990 553 1019 nec
585 979 891 1019 sententiarum
924 979 1051 1019 series
1084 979 1306 1030 omniaque
1351 979 1546 1019 continuo
1587 978 1730 1019 ordine

110 1050 152 1090 et
189 1061 414 1102 progressu
455 1049 732 1101 explicentur,
779 1049 863 1089 tale
910 1061 1059 1102 poema
1099 1061 1182 1089 non
1230 1051 1449 1101 tamquam
1497 1061 1516 1089 e
1558 1048 1730 1089 fioribus

108 1119 207 1160 hinc
251 1121 378 1171 atque
420 1119 535 1160 illinc
576 1119 782 1172 decerptis
824 1120 1045 1160 collectum
1087 1131 1176 1160 esse
1216 1121 1374 1172 potest,
1413 1119 1485 1160 sed
1527 1119 1731 1171 singulari

110 1189 248 1241 aliquo
281 1189 451 1230 consilio
484 1191 681 1241 certaque
715 1191 804 1230 arte
846 1190 1124 1242 compositum
1164 1202 1184 1230 e
1226 1190 1416 1242 partibus
1458 1192 1612 1230 natura
1654 1201 1731 1230 sua

110 1260 317 1301 continuis
350 1261 540 1300 constare
575 1259 707 1300 debet.

229 1329 310 1371 Sed
353 1329 453 1382 quid
495 1329 637 1370 deesse
679 1330 830 1370 dicitur
875 1330 973 1371 huic
1019 1330 1233 1383 poemati?
1303 1329 1489 1370 Ko'vmem
1530 1330 1608 1370 wir
1651 1342 1732 1370 uns

108 1399 343 1449 vorstellen,
377 1399 475 1440 dass
506 1399 574 1440 die
604 1399 857 1452 Hymenc'ien
889 1400 962 1441 der
996 1399 1166 1451 Sappho
1198 1413 1241 1441 so
1273 1399 1380 1440 aller
1424 1400 1732 1442 {mlivicluellen

110 1470 225 1523 Ziiqe
257 1470 335 1511 bar
363 1483 545 1522 yewesen
575 1470 689 1511 scien
730 1471 821 1511 und
859 1470 974 1511 nicht
1011 1470 1210 1511 vielmehr
1252 1470 1473 1523 jedesmal,
1516 1470 1730 1524 hervorye-

108 1541 235 1593 rufen
275 1540 407 1581 durch
455 1541 524 1581 die
574 1540 910 1594 Vermcihlzmyen
959 1541 1073 1582 ‘ihrer
1118 1541 1383 1582 Zaldreichen
1423 1540 1733 1582 Freundz‘rmen

108 1635 167 1641 —
196 1611 275 1652 wie
307 1611 373 1651 die
395 1610 707 1653 Pindariscken
728 1610 966 1663 Epz'nikien
997 1611 1128 1652 durch
1161 1611 1228 1652 (lie
1247 1611 1367 1664 Sieye
1398 1611 1472 1652 der
1502 1625 1555 1652 ,εει
1575 1612 1732 1664 seieru-

110 1682 190 1723 den
221 1681 388 1722 Helden
419 1707 474 1711 —
508 1682 584 1722 mit
622 1682 717 1722 rein
750 1681 1041 1733 perso'nh'chen
1081 1682 1393 1734 Andeutzmyen
1430 1682 1543 1723 reich
1584 1696 1733 1734 (111399-

109 1755 249 1794 stattet
278 1751 455 1793 ‘cc-aren?
519 1752 600 1794 Sed
639 1753 911 1793 temerarium
955 1756 1020 1794 est
1060 1754 1125 1794 vel
1168 1753 1308 1806 potius
1352 1753 1582 1794 absurdum
1624 1754 1734 1794 hanc

110 1836 206 1865 cum
245 1823 316 1864 illo
361 1823 423 1863 ita
471 1835 722 1876 comparare.
795 1822 876 1873 Qui
923 1823 972 1863 de
1029 1823 1271 1864 Pindaricae
1320 1824 1456 1876 poesis
1504 1824 1640 1864 indole
1691 1825 1734 1864 et

110 1894 348 1936 condicione
382 1894 541 1934 edoceri
582 1894 742 1947 cupiat,
783 1894 818 1934 is
858 1894 979 1934 adeat
1011 1894 1318 1934 Wilamowitzii
1358 1895 1732 1935 commentationes

111 1964 160 2006 de
200 1964 330 2018 Isyllo
371 1966 413 2005 et
444 1965 493 2005 de
526 1965 724 2018 Euripide
758 1965 1040 2017 amplissimae
1074 1967 1115 2006 et
1148 1965 1485 2017 elegantissimae
1519 1965 1732 2006 doctrinae

110 2036 267 2089 plenas.
313 2035 406 2076 Iam
438 2037 486 2075 ut
514 2035 680 2088 Sappho
713 2035 940 2076 domestica
975 2048 1051 2076 sua
1083 2036 1260 2076 dialecto
1292 2036 1438 2084 utitur,
1471 2038 1615 2076 contra
1636 2035 1733 2076 Pin-

115 2105 242 2146 darus
274 2106 457 2147 Boeotus
492 2106 625 2147 alieno
659 2108 701 2146 et
742 2106 961 2147 artificiose
1003 2106 1230 2159 composito
1272 2118 1478 2155 sermone,
1519 2107 1621 2147 item
1661 2107 1734 2147 illa

113 2175 165 2217 ad
196 2177 462 2230 popularium
493 2177 842 2217 consuetudinem
873 2189 1093 2229 moresque
1127 2178 1169 2217 et
1209 2177 1251 2216 in
1290 2177 1441 2217 horum
1479 2189 1604 2217 usum
1645 2189 1735 2218 car-

112 2246 228 2287 mina
261 2247 424 2295 scribit,
456 2247 582 2287 huius
614 2247 749 2300 poesis
792 2247 843 2287 ad
886 2259 1052 2288 omnem
1097 2247 1296 2288 Graeciae
1338 2247 1601 2288 nobilitatem
1642 2260 1735 2301 per-

111 2316 229 2358 tinet.
277 2317 387 2358 Huic
408 2318 537 2370 igitur
560 2318 831 2358 conveniebat
853 2318 902 2358 de
926 2318 1142 2365 victorum,
1176 2330 1278 2369 quos
1302 2318 1551 2366 celebrabat,
1583 2330 1733 2371 genere

115 2387 251 2429 dicere
284 2388 327 2428 in
360 2400 587 2440 eorumque
621 2388 743 2429 laude
777 2389 904 2429 simul
935 2388 1114 2428 maiores
1147 2390 1366 2440 totamque
1407 2390 1575 2440 gentem
1616 2400 1736 2441 prae-

113 2457 261 2499 dicare.
322 2458 501 2499 Prorsus
534 2459 615 2499 alia
647 2461 711 2499 est
745 2458 938 2512 Sapphus
972 2459 1166 2499 condicio.

232 2527 433 2579 Quamvis
467 2530 578 2570 enim
618 2530 768 2570 misere
811 2530 995 2570 lacerata
1034 2528 1272 2581 fragmenta
1314 2531 1481 2570 tantum
1523 2529 1735 2583 supersint

114 2610 163 2639 ex
195 2599 283 2640 eius
317 2600 582 2649 carminibus,
613 2600 717 2640 illud
750 2599 998 2640 contendere
1032 2600 1129 2640 licet
1160 2600 1296 2653 poesis
1331 2599 1561 2653 Sapphicae
1601 2602 1736 2640 mate-

114 2669 244 2719 riam,
275 2670 318 2710 in
351 2682 434 2722 qua
477 2670 611 2711 omnis
652 2670 836 2723 poetriae
879 2682 946 2710 ars
985 2672 1195 2720 versetur,
1236 2683 1317 2711 non
1360 2673 1551 2711 constare
1592 2683 1734 2711 rerum

113 2739 327 2781 variarum
360 2743 402 2781 et
433 2741 732 2794 multiplicium
763 2741 903 2794 copia,
935 2741 1051 2782 velut
1081 2741 1124 2781 in
1156 2741 1281 2781 variis
1315 2742 1517 2794 cuiusque
1555 2741 1735 2782 fortunis

114 2811 488 2852 commemorandis
523 2814 564 2852 et
596 2811 890 2861 describendis,
923 2811 995 2853 sed
1026 2812 1069 2852 in
1100 2824 1330 2865 paucarum
1362 2825 1503 2853 rerum
1535 2812 1649 2853 varia
1693 2813 1737 2852 et
