2013 3223
1070 129 1122 164 64

277 254 481 308 oppositis
529 253 583 307 (v.
622 258 677 294 43
719 252 831 293 idem
871 264 984 300 cum,
1032 264 1069 291 v.
1103 257 1158 293 54
1205 253 1251 291 at
1280 251 1336 304 si)
1384 253 1427 292 et
1473 252 1577 293 bene
1624 252 1909 294 conformatus

278 325 480 366 orationis
514 324 726 371 circuitus,
758 323 801 362 iu
824 334 905 374 quo
938 321 1223 362 nominativus
1247 321 1418 374 quidem
1449 322 1492 362 in
1523 323 1686 375 integro
1719 335 1767 364 ac
1787 324 1910 376 pleno

278 395 498 436 enuntiabo
548 406 621 434 suo
661 393 784 433 verbo
825 392 1088 444 adiungitur,
1136 392 1209 433 sed
1252 394 1345 433 tum
1379 393 1606 434 accusativi
1640 392 1911 446 ἀντωνυμιῶν

280 464 402 505 illum
427 464 481 519 (v.
504 464 577 516 42)
612 465 654 503 et
685 462 795 502 hanc
827 462 880 515 (v.
904 462 977 514 53)
1011 464 1107 515 apte
1140 462 1201 502 ita
1233 463 1490 508 inseruntur.
1522 465 1570 504 ut
1601 464 1912 505 nominativum

280 535 324 575 in
355 535 472 575 initio
504 534 691 587 positum
723 533 859 573 denuo
893 533 1102 585 excipiant
1135 534 1177 573 et
1208 533 1267 573 ita
1299 534 1423 574 verbo
1454 533 1498 574 in
1529 533 1610 575 fine
1643 534 1777 587 posito
1811 547 1913 587 quo-

278 604 502 645 dammodo
536 604 772 644 subiectum
806 603 1133 644 accommodent.

399 674 467 714 Ita
504 686 578 727 per
618 674 727 714 hanc
760 674 996 727 simplicem
1030 673 1293 726 eandemque
1327 674 1595 716 artificiosam
1626 676 1914 716 membrorum

279 745 715 797 circumscriptionem
747 745 938 785 notiones
971 745 1196 797 primariae
1228 745 1271 784 in
1304 745 1660 798 comparationem
1701 746 1913 787 adhibitae

279 828 405 857 suam
428 816 670 856 libertatem
693 815 878 856 retinent
901 817 1121 868 separatae
1142 817 1184 856 et
1201 815 1434 868 prohibitae
1458 816 1508 857 ab
1525 816 1778 857 incurrentis
1800 816 1915 858 verbi

284 887 321 927 vi
355 888 397 926 et
429 886 695 926 necessitate.

400 956 561 997 Verum
592 957 635 997 in
657 957 722 997 his
747 956 980 997 enuntiatis
1014 969 1063 997 ea
1086 958 1151 997 est
1173 956 1436 997 concinnitas
1469 958 1512 997 et
1543 957 1681 1009 gratia
1703 957 1914 1007 orationis,

281 1031 331 1068 ut
374 1027 495 1068 facile
535 1027 755 1068 credamus
797 1040 891 1068 eam
930 1040 1013 1067 non
1055 1027 1105 1068 ab
1138 1027 1228 1080 ipso
1262 1026 1452 1076 Catullo,
1492 1027 1564 1068 sed
1597 1040 1622 1068 a
1654 1027 1821 1081 Sappho
1853 1028 1916 1068 in-

282 1099 454 1139 ventam
487 1111 588 1139 esse.
652 1097 763 1148 Quid
796 1098 907 1150 quod
940 1100 1159 1151 praeterea
1190 1110 1332 1138 rerum
1365 1098 1463 1139 ordo
1496 1098 1549 1139 ad
1582 1099 1757 1139 chiasmi
1788 1099 1916 1149 ratio-

283 1182 382 1209 nem
416 1169 638 1209 artificiose
680 1169 740 1208 ita
768 1168 993 1214 institutus
1028 1170 1111 1217 est,
1154 1170 1202 1208 ut
1234 1167 1346 1208 floris
1377 1168 1527 1209 intacti
1558 1169 1915 1221 pulchritudinem

281 1241 534 1291 sequeretur
573 1238 762 1279 eiusdem
802 1239 906 1279 laesi
949 1238 1213 1287 deformitas,
1262 1239 1327 1279 his
1361 1251 1456 1279 vero
1491 1239 1542 1279 ab
1575 1239 1914 1281 adulescentibus

279 1311 563 1362 opponeretur
604 1309 769 1350 inverso
813 1309 954 1350 ordine
988 1309 1085 1349 vitis
1118 1309 1267 1350 viduae
1300 1309 1529 1358 inutilitas,
1568 1311 1660 1350 tum
1691 1310 1915 1351 maritatae

280 1380 453 1421 cultus?

399 1521 449 1561 In
497 1521 561 1560 his
604 1532 710 1572 quae
760 1520 882 1561 modo
931 1520 1014 1561 dixi
1050 1521 1136 1561 iam
1177 1521 1326 1562 leviter
1367 1521 1598 1573 significavi
1638 1533 1733 1562 eam
1773 1533 1914 1563 emen-

280 1591 497 1632 dationem
530 1603 677 1631 versus
710 1596 764 1633 43

587 1660 707 1701 Idem
739 1674 832 1702 cum
864 1661 981 1701 tenui
1013 1664 1188 1713 carptus
1218 1660 1416 1712 defloruit
1447 1661 1595 1713 uvzyui,

283 1745 414 1785 quam
455 1733 636 1773 maxime
676 1733 960 1773 necessariam
1001 1745 1091 1773 esse
1133 1735 1176 1773 et
1208 1733 1429 1773 verborum
1460 1733 1715 1786 proprietate
1749 1735 1915 1775 senten-

284 1803 452 1855 tiaeque
487 1803 678 1843 acumine
712 1802 938 1855 efflagitari
971 1815 1185 1856 exponam.

402 1875 542 1925 Atque
584 1874 662 1914 hoc
703 1874 791 1914 loco
825 1874 961 1914 denuo
994 1874 1257 1915 Pleitnerum
1288 1875 1504 1916 nominare
1537 1874 1686 1924 debeo,
1720 1875 1792 1928 qui
1824 1875 1850 1916 l.
1883 1888 1916 1916 c.

282 1958 321 1998 p.
357 1949 527 1986 76—79
562 1945 687 1996 longa
720 1944 889 1996 quidem
923 1947 965 1985 et
996 1945 1244 1986 inconcinna
1277 1946 1485 1994 oratione,
1525 1945 1595 1986 sed
1630 1947 1773 1986 tamen
1806 1958 1916 1986 unus

283 2028 333 2056 ex
364 2015 664 2067 interpretibus
699 2016 833 2056 iustas
866 2018 1007 2056 movet
1041 2016 1325 2056 dubitationes
1359 2016 1408 2057 de
1442 2028 1539 2057 voce
1571 2019 1764 2067 carptus,
1810 2029 1915 2068 quas

283 2086 493 2138 siquidem
541 2086 624 2127 huc
671 2099 804 2138 usque
854 2099 1016 2135 omnes,
1066 2099 1168 2139 quos
1210 2087 1608 2128 commentationem
1649 2087 1766 2128 illam
1799 2087 1917 2128 adhi-

284 2157 425 2197 buisse
459 2158 501 2196 et
532 2157 684 2208 legisse
719 2157 1049 2210 exspectandum
1082 2159 1184 2207 erat,
1216 2158 1503 2209 neglexerunt,
1535 2157 1577 2198 id
1610 2170 1709 2198 sane
1741 2170 1824 2198 non
1855 2157 1917 2198 ita

284 2227 440 2267 mirum
482 2227 648 2268 videtur
691 2228 733 2268 in
775 2228 853 2269 hoc
894 2229 1112 2278 vocabulo,
1156 2228 1265 2280 quod
1299 2228 1348 2269 de
1381 2228 1480 2269 flore
1513 2228 1672 2269 dictum
1705 2230 1794 2269 tam
1826 2229 1918 2269 vul-

284 2310 428 2350 garem
469 2310 594 2338 usum
636 2300 678 2339 et
711 2299 945 2352 simplicem
989 2311 1161 2340 sensum
1199 2300 1353 2340 habere
1387 2299 1618 2340 videbatur.
1680 2301 1741 2340 Ac
1772 2301 1916 2340 tamen

284 2368 326 2408 id
360 2371 606 2421 corruptum
640 2382 731 2410 esse
766 2370 994 2422 apparebit.

404 2439 747 2492 Interpretantur
779 2441 925 2493 vulgo,
972 2441 1083 2481 sicut
1124 2441 1409 2482 necessarium
1443 2443 1525 2490 est,
1572 2443 1744 2492 carptus
1774 2440 1836 2481 ita
1867 2442 1916 2481 ut

285 2509 530 2562 decerptum
553 2510 697 2551 florem
719 2512 969 2564 intellegant
1001 2510 1263 2564 afferuntque
1296 2513 1436 2553 locum
1458 2512 1781 2565 Propertianum
1803 2511 1916 2552 hunc

285 2579 307 2621 I
341 2586 407 2629 20,
441 2587 493 2622 39
529 2581 578 2622 de
611 2581 724 2634 Hyla

523 2683 531 2690 .
556 2683 563 2690 .
587 2683 596 2691 .
631 2651 852 2703 decerpens
883 2655 1021 2693 tenero
1045 2652 1276 2704 pueriliter
1307 2654 1443 2705 unyai

525 2753 533 2761 .
557 2753 564 2761 .
589 2753 596 2761 .
627 2722 773 2773 florem
804 2755 812 2763 .
836 2755 844 2763 .
868 2755 890 2773 .,

287 2804 372 2844 qua
413 2791 455 2832 in
496 2793 703 2834 locutione
737 2796 848 2835 certe
881 2794 987 2835 illud
1026 2795 1211 2848 primum
1242 2795 1545 2848 persentiscere
1578 2794 1750 2843 debent,
1797 2793 1917 2834 tenui
