2013 3223
828 210 846 212 i
869 155 1011 214 193m

67 282 69 284 ’
96 278 198 319 dum
230 277 447 330 reliquisse
470 278 720 331 suspicatur,
752 279 849 319 hinc
882 278 1125 319 verisimile
1156 279 1215 325 fit,
1248 277 1465 319 Catullum
1497 278 1581 319 iam
1603 291 1714 319 com-

96 349 238 401 plures
272 360 400 389 annos
434 348 625 389 Veronae
658 348 868 389 viventem
908 349 1053 401 poesin
1087 349 1319 389 exercuisse
1361 348 1604 400 famamque
1645 348 1719 388 ali-

96 430 225 470 quam
264 418 349 458 iam
389 420 481 459 tum
514 418 625 471 apud
658 418 813 459 amicos
847 418 924 459 sibi
956 431 1140 471 parasse.
1184 419 1432 472 priusquam
1465 418 1643 458 Romam
1676 430 1719 459 se

94 488 303 530 conferret
342 488 482 540 ibique
523 488 782 529 domicilium
825 491 1010 541 poneret.
1080 489 1234 529 Malius
1278 489 1389 529 enim
1432 489 1629 540 quoniam
1671 488 1720 529 de

95 558 253 600 Catulli
293 558 443 599 studiis
484 558 656 611 poeticis
699 560 968 610 cognoverat.
1008 558 1049 598 id
1088 559 1228 611 ipsum
1268 558 1447 599 miratus
1486 560 1571 601 est.
1610 558 1721 611 quod

94 629 286 670 Veronae
321 628 540 669 desideret.

211 699 279 739 Ita
320 711 415 739 vero
457 699 644 750 cogimur
682 700 830 751 putare
874 698 1091 740 Catullum
1131 711 1213 739 non
1255 698 1401 738 statim
1444 700 1538 751 post
1578 700 1721 750 togam

96 769 259 811 virilem
293 770 507 822 acceptam
541 794 594 798 —
627 770 677 809 ut
709 769 831 810 Riese
864 770 890 809 l.
923 782 955 810 c.
988 782 1025 822 p.
1057 769 1142 809 VH
1181 769 1420 822 suspicatur
1454 792 1509 797 -—
1546 769 1720 809 Romam

95 840 352 892 demigrasse
393 852 527 891 neque
566 852 713 880 verum
754 852 870 888 esse,
920 839 1029 891 quod
1058 839 1106 879 B.
1140 839 1332 880 Schmidt
1372 839 1413 879 in
1456 839 1557 891 prol.
1590 852 1626 891 p.
1660 838 1722 879 VI

95 910 258 964 posuit,
295 909 683 970 (adulescentulum
716 910 843 950 etiam
876 922 971 950 eum
1004 910 1183 949 Romam
1216 901 1549 961 commigrasse’.
1612 908 1722 949 Nam

95 981 221 1022 verba
252 980 325 1020 illa
362 981 516 1041 tmulta
549 980 652 1020 sat-is
686 973 785 1020 lusi’
822 980 875 1032 (v.
913 979 983 1031 17)
1017 979 1213 1020 continuo
1248 978 1415 1030 quidem
1448 979 1720 1030 sequentibus

93 1050 379 1104 excipiuntur:
417 1062 517 1110 tnon
550 1052 614 1090 est
646 1050 722 1090 dea
754 1050 895 1090 nescia
927 1049 1069 1090 nostri.
1104 1061 1208 1101 quae
1232 1049 1397 1090 dulcem
1429 1049 1539 1089 euris
1571 1049 1720 1090 miscet

93 1117 364 1162 amaritiem'.
436 1120 528 1161 Iam
575 1120 686 1161 enim
734 1120 887 1161 sentire
929 1120 1063 1173 coepit
1104 1132 1147 1160 re
1190 1131 1286 1160 vera
1327 1119 1562 1160 amaritiem
1602 1120 1718 1160 illam

94 1191 246 1232 amoris
291 1191 499 1232 dulcedini
538 1191 771 1232 admixtam
812 1191 854 1231 in
895 1191 1070 1231 Lesbiae
1113 1202 1266 1231 amore.
1331 1190 1412 1231 Sed
1460 1190 1567 1231 sicut
1614 1191 1718 1231 haec

92 1261 174 1302 duo
208 1261 430 1302 enuntiata
462 1261 646 1314 pleniore
679 1261 1014 1314 interpunctione
1048 1261 1342 1312 distinguenda
1376 1263 1492 1308 sunt.
1526 1261 1626 1301 item
1660 1261 1718 1302 vi-

92 1331 247 1372 dentur
295 1344 377 1372 non
421 1332 557 1372 solum
606 1332 715 1379 loco,
763 1331 834 1372 sed
877 1332 1001 1372 rebus
1040 1332 1141 1384 ipsis
1183 1332 1301 1372 lusus
1342 1332 1494 1384 poetici
1527 1331 1716 1373 Veronae

92 1403 266 1444 tractati
309 1415 332 1443 a
376 1402 511 1455 poesis
545 1402 774 1443 amatoriae
818 1404 859 1443 et
902 1403 1088 1455 ipsorum
1129 1414 1321 1442 amorum
1363 1402 1525 1442 lusibus
1559 1402 1715 1443 Romae

92 1473 327 1513 exercitatis
351 1472 612 1513 discernendi
646 1485 748 1513 esse.
792 1472 898 1513 Cum
933 1474 1077 1512 autem
1110 1472 1193 1512 iam
1226 1474 1336 1512 retro
1370 1472 1421 1512 ad
1454 1472 1557 1512 illud
1580 1475 1718 1513 totum

90 1543 243 1584 aetatis
278 1543 463 1595 spatium
487 1543 531 1583 et
554 1542 746 1583 Veronae
780 1544 821 1583 et
844 1543 1001 1583 Romae
1035 1544 1300 1583 transactum
1333 1542 1558 1595 fratrisque
1582 1545 1714 1584 morte

90 1612 338 1654 distinctum
361 1614 425 1654 vel
447 1612 614 1653 finitum
638 1613 819 1666 respicit,
851 1612 955 1653 duas
991 1612 1083 1653 illas
1118 1625 1182 1653 res
1216 1615 1263 1652 ut
1295 1613 1406 1653 inter
1439 1625 1481 1653 se
1515 1613 1715 1653 finitimas

89 1684 133 1724 et
165 1683 406 1724 coniunctas
439 1683 516 1723 sub
549 1695 633 1723 uno
666 1686 891 1736 conspectu
924 1683 1051 1736 ponit.
1115 1683 1224 1735 Ergo
1258 1695 1354 1723 cum
1387 1683 1451 1723 his
1484 1683 1715 1725 rationibus

88 1753 244 1803 optime
278 1753 469 1806 congruit
508 1753 548 1793 id
589 1753 698 1805 quod
732 1753 947 1793 Baehrens
990 1753 1032 1793 in
1075 1754 1176 1806 prol.
1208 1766 1244 1806 p.
1280 1758 1332 1794 23
1368 1754 1606 1807 suspicatus
1639 1755 1715 1803 est,

89 1836 270 1882 quocum
304 1824 511 1865 consentit
545 1824 590 1865 Ο.
624 1824 807 1865 Ribbeck
840 1824 864 1864 l.
889 1837 921 1865 c.
953 1824 973 1864 I
1006 1837 1042 1877 p.
1075 1830 1170 1871 312,
1204 1823 1419 1865 Catullum
1453 1824 1600 1877 viginti
1630 1824 1713 1866 fere

88 1907 218 1935 annos
251 1896 400 1935 natum
432 1895 611 1935 Romam
645 1895 819 1935 venisse.
1521 1934 1524 1936 ,

205 1964 298 2005 Iam
329 1966 468 2018 potest
499 1964 661 2006 factum
694 1977 796 2013 esse,
833 1966 877 2005 ut
910 1965 1021 2005 tristi
1054 1965 1126 2004 illo
1160 1977 1272 2012 casu,
1306 1977 1430 2017 quem
1455 1965 1609 2005 Mallus
1641 1978 1714 2018 per

87 2035 195 2076 hanc
239 2035 465 2088 epistularu
503 2035 673 2076 demum
716 2035 929 2087 cognovit,
972 2034 1165 2076 Catullus
1211 2035 1401 2076 Veronae
1444 2035 1714 2084 detineretur,

87 2105 186 2158 quia
229 2105 339 2157 quod
372 2105 560 2146 Veronae
602 2106 643 2146 in
685 2106 867 2146 tristiore
909 2105 1148 2146 condicione
1194 2118 1284 2146 esse
1326 2106 1453 2146 Mallo
1495 2106 1715 2147 videbatur

86 2177 255 2229 propter
286 2188 422 2216 mores
455 2176 511 2217 ibi
544 2176 784 2222 severiores,
826 2176 867 2216 id
901 2176 978 2229 ipsi
1011 2177 1157 2229 poetae
1193 2176 1346 2238 (magis
1380 2177 1583 2217 miserum
1616 2168 1713 2217 est’.

86 2245 286 2287 Ceterum
318 2258 470 2287 vanam
502 2247 619 2287 illam
643 2259 788 2287 eorum
820 2246 1067 2300 opinionem.
1102 2246 1173 2298 qui
1205 2246 1379 2287 Lesbiae
1413 2247 1599 2299 aliquam
1622 2260 1714 2300 per-

85 2316 249 2365 fidiam,
297 2317 346 2358 de
392 2329 473 2369 qua
517 2317 711 2358 Catullus
757 2317 807 2357 ab
849 2317 994 2357 amicis
1035 2316 1205 2358 demum
1244 2330 1317 2370 per
1357 2317 1522 2358 lit-teras
1564 2317 1714 2358 certior

87 2386 224 2428 factus
273 2388 404 2436 esset,
466 2387 509 2428 in
561 2387 746 2449 tdeserto
799 2379 943 2428 cubili'
1006 2387 1235 2428 admissam
1287 2387 1352 2427 his
1402 2388 1538 2428 verbis
1588 2387 1715 2440 signi-

84 2457 199 2498 ficari
246 2470 345 2499 sane
393 2457 623 2499 incredibili
661 2471 797 2499 errore
845 2458 1133 2505 coniecerunt,
1181 2458 1284 2498 satis
1332 2458 1416 2498 iam
1458 2458 1714 2511 perstrinxe-

85 2529 185 2569 runt
231 2528 355 2569 Riese
410 2530 452 2569 et
499 2529 724 2570 Baehrens.
801 2529 931 2576 Nam,
980 2530 1029 2569 ut
1076 2528 1135 2569 ait
1182 2528 1229 2568 B.
1278 2528 1471 2570 Schmidt
1519 2529 1562 2569 in
1611 2529 1712 2582 prol.

83 2611 122 2652 p.
162 2597 223 2639 XI
264 2598 313 2639 de
351 2599 540 2640 versibus
580 2604 631 2641 27
646 2611 755 2652 sqq„
806 2611 922 2661 tcum
964 2598 1159 2640 Catullus
1323 2599 1457 2640 Roma
1512 2599 1712 2640 derelicta

83 2667 277 2710 Veronae
317 2669 568 2717 consideret,
610 2668 805 2710 Lesbiam
852 2681 895 2710 se
937 2681 1019 2710 uno
1066 2682 1149 2710 non
1197 2681 1286 2711 esse
1335 2671 1576 2710 contentam
1623 2670 1708 2710 iam

83 2731 292 2780 noverat‘.
