2013 3223
1081 162 1134 196 52

529 278 683 326 ‘Hvt'za
713 283 791 337 μὲν
823 285 900 338 γὰρ
933 282 1070 324 ταύτὰ
1101 281 1325 339 φαείνεται
1358 283 1669 338 ἀνθρώποισιν,

530 354 651 397 αι’·τοὶ
683 353 761 407 μὲν
793 346 1007 410 φιλέουσ),
1041 352 1163 396 αὐτοὶ
1196 352 1244 395 δέ
1272 369 1318 395 τε
1349 352 1633 409 πεφρίκασιν·

527 418 752 479 (Εσπέριον
783 423 1017 480 φιλέουσιν,
1051 423 1158 479 ἀτὰρ
1191 423 1438 479 στυγέουσιν
1465 417 1594 466 (Εῶον

295 498 361 539 cui
393 498 480 538 loco
515 495 675 536 addidit
706 495 842 536 Bonin
874 496 900 535 l.
934 507 966 536 c.
998 508 1036 548 p.
1072 501 1094 537 6
1129 508 1177 536 ex
1217 496 1375 537 anthol.
1411 495 1500 536 Pal.
1531 495 1570 535 V
1606 500 1687 537 172
1721 496 1923 549 Meleagri

294 568 553 621 epigramma
585 566 690 606 hoc:

520 628 698 690 ‘'OQ-396,
730 633 775 676 τί
804 650 890 688 μοι,
924 633 1166 690 δυσέραστε,
1199 637 1328 688 ταχὺς
1359 636 1461 692 περὶ
1494 640 1638 678 κοῖτον
1670 633 1854 693 ἐπέστης

590 705 687 761 ἄρτι
720 703 854 761 φίλας
886 707 1058 762 Δημοῦς
1086 705 1217 761 χρωτὶ
1247 705 1552 762 χλιαινομένῳ,·

534 774 647 818 Εἴθε
679 775 813 817 πάλιν
844 775 1041 831 στρέψας
1071 777 1240 828 ταχινὸν
1273 776 1430 832 δρόμον
1453 768 1665 833 (Ἑσπερος
1695 775 1795 834 εἴης,

588 844 622 887 ὦ
654 847 781 901 γλυκὺ
813 856 907 903 φῶς
937 846 1109 901 βάλλων
1141 844 1202 897 εἷς
1234 844 1308 900 ἐμὲ
1341 847 1617 903 πικρότατον.

523 909 634 974 ’Ὴδη
666 918 744 973 γὰρ
777 917 851 959 καὶ
884 917 1079 973 πρόσθεν
1111 909 1185 958 ἐπ’
1220 910 1435 974 Ἀλκμήνῃ
1467 918 1571 967 Διὸς
1602 915 1734 974 ἦλθες

586 986 750 1038 ἀντίος·
783 987 858 1030 οὐκ
889 988 1024 1044 ἀδαὴς
1055 985 1148 1030 ἐσσὶ
1181 987 1510 1045 παλινδρομίης.

292 1061 372 1102 Illa
406 1060 576 1113 quidem
614 1060 752 1112 priora
797 1072 820 1100 a
861 1060 1053 1100 Bentleio
1096 1059 1145 1100 de
1186 1060 1306 1100 novis
1348 1060 1511 1100 maritis
1553 1060 1769 1101 intellecta
1810 1062 1921 1110 sunt,

295 1133 441 1173 contra
474 1131 576 1171 dicit
609 1129 656 1171 O.
700 1130 930 1171 Schneider
970 1130 1013 1170 in
1055 1130 1349 1171 Callimacheis
1390 1131 1433 1171 Η
1474 1144 1511 1184 p.
1554 1136 1649 1173 203.
1714 1130 1796 1172 Sed
1838 1131 1923 1172 sint

292 1202 352 1242 ita
383 1202 456 1242 illa
488 1201 793 1253 intellegenda3
829 1202 950 1241 certe·
974 1201 1090 1249 haec,
1124 1213 1231 1253 quae
1264 1201 1572 1242 Alexandrinae
1615 1202 1767 1242 aetatis
1807 1213 1922 1242 ama-

290 1272 422 1313 toriae
464 1271 579 1324 poesi
622 1271 913 1311 convenientia
963 1272 1082 1319 sunt,
1131 1283 1227 1311 cum
1277 1283 1301 1311 a
1345 1271 1502 1312 Catulli
1544 1272 1714 1323 quidem
1755 1272 1920 1324 ingenio

291 1343 428 1384 aliena
462 1343 582 1390 sunt,
624 1343 717 1381 tum
758 1341 807 1381 ab
848 1341 975 1381 huius
1017 1341 1095 1382 loci
1136 1353 1310 1390 conexu,
1353 1342 1523 1394 qualem
1560 1342 1921 1394 investigavimus,

291 1415 391 1454 sunt
424 1425 467 1453 re
500 1424 598 1453 vera
631 1412 900 1453 alienissima.
963 1411 1051 1452 Nec
1082 1412 1223 1452 minus
1257 1412 1420 1452 alienus
1454 1415 1518 1453 est
1551 1413 1657 1453 alter
1687 1413 1821 1463 locus,
1854 1413 1921 1454 cui

290 1485 448 1525 similes
482 1483 692 1524 orationes
726 1482 837 1536 apud
870 1483 1122 1523 recentiores
1155 1485 1301 1535 poetas
1333 1496 1417 1523 non
1448 1495 1605 1536 paucae
1639 1485 1815 1524 exstant.

410 1554 546 1595 Alteri
579 1553 748 1606 quidem
781 1553 915 1594 levius
950 1555 1102 1602 errant,
1137 1553 1209 1593 sed
1241 1556 1385 1594 tamen
1419 1554 1568 1594 erroris
1610 1554 1785 1594 alicuius
1817 1554 1921 1595 item

289 1626 365 1667 hos
397 1625 476 1666 loci
509 1624 739 1666 Catulliani
772 1624 983 1664 sententia
1016 1624 1215 1676 coarguit.
1265 1624 1371 1665 Ciris
1405 1624 1482 1665 loci
1514 1625 1639 1664 huius
1663 1638 1698 1664 v.
1723 1630 1806 1666 349
1818 1637 1920 1677 sqq„

291 1697 361 1749 qui
394 1698 459 1738 est
491 1696 540 1736 de
575 1695 655 1735 diei
689 1697 805 1735 ortu:

525 1765 702 1806 Postera
734 1764 809 1805 Zaa:
841 1765 913 1805 ubi
948 1764 1060 1805 laeta
1092 1764 1202 1805 diem
1234 1764 1484 1805 mortalibus
1516 1764 1685 1815 almum,

525 1836 585 1877 Et
612 1835 749 1888 yeliclo
781 1835 952 1876 veniens
984 1848 1106 1875 mane
1137 1835 1352 1887 quatiebat
1383 1835 1435 1876 ab
1471 1835 1585 1886 Oeta,

528 1908 657 1959 Quem
679 1906 870 1958 pavidae
904 1905 1081 1946 alteruis
1110 1906 1301 1959 fuyitant
1333 1909 1560 1958 optantque
1587 1906 1757 1958 puellae

528 2002 580 2007 -
614 1977 873 2028 Hesperium
904 1977 1052 2027 vitant,
1085 1980 1232 2028 optant
1264 1977 1480 2018 ardescere
1511 1977 1652 2018 Eoum
1685 2002 1739 2007 —-

288 2063 457 2092 versum
504 2049 705 2090 ultimum
761 2049 871 2089 male
921 2048 1049 2101 priori
1089 2049 1209 2100 quasi
1253 2049 1567 2100 adglutinatum
1615 2050 1773 2089 temere
1817 2049 1919 2089 arri-

288 2122 410 2175 piunt
443 2121 723 2172 dictitantque
757 2119 868 2160 idem
901 2123 1066 2172 optasse
1092 2118 1352 2160 Catullianas
1376 2120 1537 2172 puellas
1570 2119 1618 2160 de
1642 2120 1738 2168 Eoo,
1772 2131 1919 2171 quam-

291 2204 418 2244 quam
450 2192 528 2232 hae
561 2203 612 2230 ne
646 2190 887 2230 vitaverunt
920 2189 1089 2241 quidem
1121 2189 1370 2242 Hesperum.

409 2262 519 2302 Nam
552 2261 587 2301 si
621 2261 672 2301 ad
705 2272 851 2301 versus
886 2265 939 2301 36
975 2262 1016 2300 et
1048 2266 1100 2301 37
1135 2261 1350 2313 pergimus
1382 2261 1482 2301 hos:

525 2332 585 2372 At
617 2331 725 2372 lubet
756 2331 951 2383 ‘innuptis
980 2330 1073 2382 ficio
1105 2334 1142 2371 te
1174 2344 1346 2382 carpere
1378 2334 1535 2383 questu.

528 2402 643 2454 Quid
673 2405 772 2451 tum,
804 2402 843 2442 si
875 2404 1066 2453 carpunt,
1100 2402 1231 2442 tacita
1263 2416 1383 2454 quem
1416 2405 1546 2443 mente
1577 2401 1830 2454 requirunt?

291 2474 484 2526 sequitur
521 2474 607 2513 iam
647 2486 720 2526 per
761 2473 1026 2514 refutationis
1069 2474 1286 2525 vulgarem
1326 2474 1580 2526 particulam
1619 2474 1916 2525 argumentum

291 2544 343 2585 ad
375 2545 614 2597 puellarum
649 2544 817 2595 qualem
850 2543 979 2584 fuisse
1013 2543 1314 2596 suspicandum
1338 2546 1403 2584 est
1425 2544 1655 2584 orationem
1679 2544 1917 2597 adpositum

291 2616 333 2655 et
363 2615 406 2654 in
440 2627 487 2655 ea
520 2614 786 2667 responsione
825 2627 908 2654 non
943 2614 1030 2654 sine
1063 2614 1256 2655 acumine
1291 2614 1475 2666 quodam
1508 2615 1757 2655 concinnum
1788 2615 1914 2655 illud:

290 2687 334 2725 ab
355 2683 464 2725 lubet
494 2683 689 2735 innuptis
707 2683 802 2735 ficto
832 2686 870 2725 te
892 2697 1064 2735 carpere
1085 2687 1242 2736 questu,
1278 2685 1574 2725 confirmatum
1597 2687 1639 2726 et
1661 2686 1833 2726 auctum
1857 2697 1916 2734 eo,

291 2755 400 2808 quod
431 2767 505 2808 per
538 2755 763 2795 formulam
795 2754 901 2806 quid
930 2757 1029 2804 tum,
1061 2754 1101 2795 si
1132 2757 1298 2808 praeter
1322 2755 1557 2808 opinionem
1579 2755 1916 2795 adversariorum

291 2825 480 2867 adicitur.
