2013 3223
807 145 1015 203 „Al-5-

101 267 160 317 fit,
191 266 272 308 nisi
304 270 352 308 ut
384 268 630 321 expleantur
663 281 770 320 quae
802 269 844 308 in
876 269 1084 321 prooemio
1126 269 1292 322 incepta
1333 271 1443 310 sunt.
1505 270 1722 313 Vocabula

103 338 232 390 igitur
268 329 462 398 ‘munus’
497 339 539 378 et
573 330 744 397 ‘officia’
782 351 878 379 cum
909 339 1108 391 prooemii
1141 339 1442 391 significatione
1485 341 1552 381 hic
1591 342 1722 395 repeti

101 407 191 448 iure
223 408 345 449 Riese
379 421 474 449 cum
507 409 598 448 aliis
630 408 729 448 viris
763 408 894 449 doctis
928 409 1141 450 contendit
1173 409 1222 450 cf.
1254 423 1292 462 p.
1326 415 1422 452 218.

218 478 338 519 Hanc
371 480 513 519 autem
546 479 722 530 elegiam
756 490 798 519 se
821 479 987 519 mittere
1011 478 1111 519 dicit
1143 480 1268 532 poeta
1289 481 1520 521 multorum
1543 481 1721 523 aliorum

101 547 328 589 officiorum
368 549 455 589 loco
504 548 527 588 i.
569 560 601 588 e.
642 548 738 599 quia
785 548 867 588 alia
898 549 1033 588 multa
1076 549 1113 589 ei
1158 550 1372 601 praestare
1418 551 1716 603 prohibeatur;

102 619 253 670 quibus
290 619 426 660 verbis
468 618 600 659 denuo
641 631 723 658 non
765 618 899 658 solum
943 618 1047 659 illud
1089 620 1279 668 excusat,
1322 620 1430 672 quod
1472 621 1593 674 plura
1634 622 1720 663 sive

99 689 236 729 multa
277 689 461 729 carmina
502 689 579 729 81101
618 690 786 741 praesto
832 701 915 729 non
962 689 1066 737 sint,
1116 688 1187 729 sed
1236 690 1363 730 etiam
1411 691 1720 732 excusationem

101 770 222 799 suam
254 759 296 799 in
328 760 464 799 maius
498 760 636 810 auget,
669 771 765 799 cum
798 758 898 799 dicit
930 759 964 799 si
995 759 1085 800 fieri
1116 760 1260 812 possit,
1293 772 1335 800 se
1368 761 1504 801 multa-
1528 762 1564 802 ei
1587 761 1721 802 officia

99 829 282 870 tribuere
329 832 525 882 paratum
573 841 674 870 esse.
744 829 863 870 Idem
909 829 994 870 fere
1041 829 1282 871 indicabant
1327 832 1525 883 prooemii
1572 845 1719 873 versus

97 899 281 952 proxime
315 900 470 952 elegiae
501 900 810 952 praecedentes,
844 900 994 951 quibus
1029 913 1070 940 se
1103 912 1179 941 nec
1223 893 1439 961 ‘munera’
1485 902 1719 943 desiderata

98 969 280 1010 tribuere
314 969 414 1010 dicit
444 982 520 1010 nec
555 961 758 1031 (00913111)
794 970 992 1022 praebere
1025 982 1157 1022 posse,
1200 971 1397 1022 quoniam
1439 985 1509 1033 (ex
1552 965 1717 1013 multis'

97 1052 226 1080 unam
258 1042 424 1080 tantum
457 1040 672 1093 capsulam
706 1052 848 1080 secum
881 1040 1043 1080 habeat.

214 1180 330 1221 Nihil
377 1193 472 1221 vero
518 1193 592 1221 nos
641 1181 750 1233 cogit
797 1181 957 1233 opinari
1006 1180 1197 1221 Veronae
1244 1181 1415 1223 demum
1461 1182 1503 1223 id
1550 1195 1718 1225 carmen

97 1250 298 1304 scriptum
332 1263 433 1300 esse,
466 1253 514 1291 ut
544 1250 759 1291 Baehrens
798 1264 836 1304 p.
879 1256 960 1292 519
1008 1263 1027 1291 e
1070 1251 1259 1292 versibus
1303 1257 1455 1305 97sqq.
1497 1253 1546 1294 de
1589 1254 1718 1296 fratre

96 1321 138 1361 in
169 1321 291 1361 Troia
324 1322 487 1374 sepulto
520 1321 731 1362 concludit
762 1322 848 1362 his:

333 1392 461 1443 Quem
491 1405 603 1432 uune
635 1395 719 1432 tam
754 1391 869 1443 Zonye
900 1404 984 1432 nou
1016 1392 1126 1432 inter
1157 1393 1255 1432 uota
1286 1392 1481 1445 sepulcra

388 1461 476 1502 Nee
500 1475 634 1514 prope
666 1464 855 1514 eoynatos
886 1461 1153 1513 compositum
1186 1462 1356 1512 emeris,

332 1531 415 1573 Sed
452 1532 584 1574 Troia
616 1533 800 1582 obscena,
840 1533 973 1573 Troia
1009 1532 1173 1584 infelice
1204 1532 1414 1584 sepultum

388 1601 559 1644 Detinet
590 1607 766 1644 extremo
798 1607 911 1644 terra
944 1603 1087 1644 aliena
1118 1602 1212 1644 solo.

93 1672 203 1713 Nam
245 1674 316 1726 qui
357 1674 415 1714 ita
456 1674 574 1722 dicit,
618 1675 654 1714 ei
695 1675 797 1715 item
840 1675 996 1715 Romae
1040 1674 1174 1715 dicere
1217 1675 1466 1716 conveniens
1508 1677 1573 1717 est
1612 1676 1716 1718 illud

96 1745 205 1805 ttam
236 1736 377 1796 longe‘
413 1747 455 1785 et
486 1744 609 1785 fateri
643 1757 740 1785 eum
773 1745 977 1793 dolorem,
1011 1744 1120 1796 quod
1153 1745 1284 1785 frater
1321 1758 1404 1786 non
1439 1759 1585 1808 tprope
1621 1760 1718 1800 cog-

92 1815 213 1854 natos
247 1806 423 1855 cineres'
461 1815 652 1868 sepultus
687 1816 751 1856 sit.
817 1814 897 1856 Sed
931 1814 1135 1867 quomodo
1170 1815 1301 1856 altero
1334 1816 1422 1857 loco
1462 1829 1498 1857 v.
1533 1823 1716 1870 135sqq.

91 1897 282 1925 rumores
315 1885 364 1926 de
397 1885 546 1926 Lesbia
578 1885 790 1926 Veronam
824 1886 941 1926 allati
975 1885 1262 1937 significentur
1303 1885 1351 1926 cf.
1383 1899 1421 1939 p.
1456 1891 1559 1936 537,
1602 1888 1717 1940 equi-

92 1954 186 1996 dem
218 1967 298 1996 non
334 1955 514 2008 dispicio.
577 1957 712 1997 Immo
746 1968 793 1997 ea
826 1969 891 1996 res
929 1957 1013 1996 iam
1056 1956 1268 2009 explorata
1310 1958 1400 1997 erat
1433 1955 1598 1998 Catullo
1639 1970 1716 1999 nec

91 2024 280 2066 Veronae
314 2026 483 2067 demum
517 2030 741 2080 comperta,
775 2027 847 2067 sed
879 2027 1048 2067 Romae.
1102 2025 1221 2076 Quod
1254 2027 1439 2080 aperitur
1471 2040 1506 2067 v.
1534 2032 1614 2070 135
1629 2040 1714 2080 sq.:

328 2096 444 2148 Quae
474 2099 614 2137 tamen
647 2097 723 2138 etsi
754 2110 837 2137 uno
869 2109 953 2137 uon
985 2099 1043 2137 est
1075 2098 1265 2137 contenta
1299 2094 1479 2146 Catullo,

384 2166 509 2207 Rara
539 2167 798 2208 verecundae
827 2167 948 2219 furta
973 2166 1156 2218 feremus
1177 2179 1282 2207 erae.

89 2235 138 2277 cf.
178 2249 305 2290 supra
345 2251 382 2290 p.
426 2243 519 2279 109.
591 2238 814 2279 Praeterea
855 2238 927 2290 qui
964 2238 1113 2290 legerit
1166 2250 1202 2278 v.
1243 2242 1436 2287 31—4o‚
1477 2239 1519 2279 in
1560 2238 1713 2291 quibus

90 2306 283 2349 Catullus
315 2308 454 2361 potius
486 2308 590 2349 illud
624 2310 795 2350 excusat
828 2321 870 2349 80
907 2309 1181 2370 tscriptorum
1203 2320 1284 2348 non
1307 2320 1506 2361 magnam
1530 2301 1710 2363 copiam'

89 2389 231 2419 80011111
266 2378 417 2419 habere
451 2391 663 2431 unamque
696 2380 864 2420 tantum
906 2379 1123 2431 capsulam
1163 2378 1246 2418 huc
1288 2390 1330 2419 se
1371 2379 1514 2431 sequi,
1554 2379 1589 2420 is
1629 2392 1714 2421 non

89 2448 289 2500 cogitabit
322 2448 372 2489 de
406 2449 658 2490 carminibus
682 2449 872 2490 Veronae
895 2449 1107 2498 faciendis,
1140 2448 1213 2489 sed
1234 2449 1319 2490 iam
1342 2450 1466 2490 antea
1498 2448 1633 2491 factis.
1658 2475 1711 2479 -—

86 2518 260 2560 Accedit
301 2519 409 2571 quod
452 2521 545 2560 tum
584 2532 607 2560 a
647 2520 781 2560 Musis
823 2520 961 2560 dolore
1002 2518 1217 2560 confectus
1259 2520 1535 2561 sevocabatur
1574 2533 1712 2573 neque

86 2589 252 2641 poterat
286 2589 448 2651 ‘dulces
480 2590 701 2631 Musarum
734 2602 971 2643 expromere
1003 2589 1114 2630 fetus
1146 2601 1265 2630 mens
1299 2587 1460 2640 animi³‚
1493 2591 1541 2631 ut
1574 2591 1638 2631 est
1668 2589 1712 2630 in

87 2671 120 2700 0.
151 2658 264 2700 LXV
301 2665 424 2701 1—4.

204 2729 315 2770 Nam
356 2729 523 2770 Verona
573 2742 618 2771 eo
669 2733 856 2784 tempore
910 2730 962 2770 ad
1011 2730 1165 2771 amicos
1213 2729 1344 2771 missa
1389 2731 1491 2771 sunt
1531 2730 1709 2772 fortasse

87 2799 272 2841 carmina
301 2799 415 2841 LXV
450 2802 492 2841 et
522 2800 661 2841 LXVI
703 2800 769 2855 (cf.
802 2800 848 2842 Ο.
888 2800 1130 2842 Harnecker
1171 2798 1226 2841 N.
1259 2799 1411 2842 Jahrb.
1455 2805 1550 2844 127.
1584 2804 1708 2842 1883.

1378 2870 1426 2905 8*
