2013 3223
1076 143 1127 199 '72

286 266 359 308 sed
392 267 520 307 etiam
552 266 820 319 responsione
854 265 1141 318 antistrophae
1184 268 1226 306 et
1265 266 1460 318 strophae
1493 266 1557 306 bis
1590 267 1740 306 notata
1773 265 1919 307 defini-

284 338 354 377 tur
395 338 437 377 et
478 337 701 376 excusatur
741 336 1014 376 iuvencarum
1056 336 1170 376 notio
1212 335 1263 376 de
1297 336 1578 388 agricolarum
1610 336 1675 376 vel
1716 337 1915 377 uxoribus

284 406 350 447 vel
391 407 487 446 filiis
528 405 832 457 intellegenda,
874 405 924 446 de
959 405 1111 457 quibus
1145 405 1332 446 Pleitner
1366 418 1530 458 quoque
1562 407 1588 446 1.
1621 419 1653 447 c.
1685 420 1723 460 p.
1757 412 1831 456 76,
1873 407 1915 447 in

285 477 377 517 aliis
409 476 766 529 interpretationis
790 487 890 516 suae
923 476 1155 516 rationibus
1189 476 1266 516 sibi
1298 489 1450 529 parum
1472 479 1681 526 constans,
1713 478 1781 519 hic
1803 479 1915 519 recte

283 547 586 600 interpretatus
629 549 704 587 est.
767 547 827 587 Ac
869 546 903 586 si
936 546 1138 587 Horatius
1177 547 1219 587 in
1262 560 1294 587 c.
1326 547 1369 587 H
1402 552 1452 596 8,
1487 553 1537 588 21
1583 547 1683 588 dicit
1735 550 1794 609 (te
1828 548 1917 588 suis

283 619 442 657 matres
489 618 689 657 metuunt
735 608 958 658 iuvencis'.
1011 617 1118 657 filias
1153 618 1360 669 significat
1407 619 1617 659 matribus
1660 619 1776 672 prius
1819 631 1919 659 con-

282 687 543 728 iunctissime
576 687 825 734 nominatis3
857 688 948 740 pari
980 687 1102 728 modo
1126 687 1177 728 ad
1209 688 1389 729 notionis
1424 701 1524 729 suae
1558 689 1776 741 angustias
1808 689 1916 730 redi-

284 758 396 810 gitur
445 758 555 810 apud
600 757 819 799 Catullum
867 758 1140 799 iuvencarum
1190 759 1439 811 significatio
1483 761 1524 800 et
1563 761 1787 801 verborum
1824 761 1916 813 ipsa

283 829 550 869 collocatione
592 831 634 869 et
672 829 954 881 responsionis
994 829 1096 881 lege.
1175 829 1338 870 Addere
1381 830 1506 870 liceat
1545 830 1747 871 Pleitneri
1789 831 1916 872 verba

282 900 308 939 l.
332 911 363 940 c.
394 912 431 952 p.
467 903 518 940 75
553 899 677 940 haec:
711 898 811 940 bald
842 899 973 949 cliese,
1003 899 1104 940 bald
1126 900 1225 952 jane
1255 913 1335 941 von
1368 900 1446 940 den
1469 900 1631 941 Leuten
1654 901 1724 942 des
1746 900 1917 942 Herren

284 968 423 1010 lassen
460 969 507 1009 in
548 970 664 1010 emer
706 968 859 1022 lan-yon
892 969 1026 1010 Reihe
1057 983 1137 1011 von
1169 969 1339 1012 Jahren
1372 970 1463 1011 dem
1495 971 1660 1011 einsam
1691 971 1916 1013 stehenden

291 1038 528 1082 Weinstoclv·
560 1040 626 1081 die
655 1040 847 1093 yeho'riyc
878 1039 1018 1093 Pfleyc
1049 1041 1302 1082 zukommcn.

402 1111 540 1151 Huius
574 1124 670 1152 vero
705 1112 992 1152 similitudinis
1027 1113 1274 1165 simplicitas
1308 1115 1350 1153 et
1384 1116 1603 1162 venustas,
1647 1116 1694 1153 ut-
1726 1126 1793 1154 res
1826 1113 1917 1166 ipsa

286 1182 337 1222 ad
371 1182 636 1222 collationem
670 1182 857 1223 adhibita
899 1195 981 1223 non
1015 1184 1079 1223 est
1109 1184 1277 1236 propria
1308 1184 1435 1224 moris
1468 1184 1666 1230 Romani.
1710 1184 1813 1224 item
1846 1184 1918 1224 ab-

283 1252 427 1292 horret
469 1264 492 1292 a
534 1252 648 1305 poesi
681 1252 984 1302 Alexandrina,
1028 1252 1138 1293 unde
1171 1252 1307 1293 Bonin
1340 1254 1365 1293 l.
1398 1266 1430 1294 c.
1462 1267 1500 1306 p.
1535 1261 1556 1295 7
1593 1254 1794 1306 originem
1827 1254 1917 1294 eius

284 1323 559 1376 repetendam
603 1335 692 1363 esse
735 1324 998 1376 opinabatur.
1063 1323 1232 1364 Scilicet
1264 1323 1402 1376 imago
1435 1324 1507 1364 illa
1539 1324 1636 1365 vitis
1671 1324 1723 1364 ad
1754 1324 1918 1364 ulmum

286 1393 539 1447 applicatae,
583 1406 689 1446 quae
722 1394 1078 1435 necessitudinem
1110 1395 1221 1435 inter
1254 1407 1399 1435 sexum
1431 1395 1703 1436 infirmiorem
1742 1396 1785 1435 et
1815 1395 1920 1435 vali·

285 1463 443 1505 diorem
489 1464 820 1505 intercedentem
870 1465 1096 1518 specimine
1145 1465 1285 1517 aliquo
1328 1468 1505 1506 naturae
1548 1478 1644 1506 cum
1675 1465 1918 1507 inaffectata

285 1534 460 1576 veritate
501 1535 748 1588 simpliciter
789 1536 1004 1588 proponit,
1053 1548 1101 1577 ex
1142 1536 1268 1576 huius
1302 1536 1379 1576 viri
1422 1536 1572 1577 iudicio
1606 1536 1821 1577 simillima
1853 1538 1918 1576 est

287 1606 335 1655 ei,
369 1618 496 1657 quam
528 1606 752 1659 Antipater
787 1605 983 1646 Sidonius
1016 1606 1057 1646 in
1090 1607 1259 1647 Anthol.
1291 1607 1352 1647 IX
1386 1612 1466 1648 231
1504 1607 1683 1648 effinxit:

522 1675 654 1732 «ὕην
683 1691 737 1729 με
769 1676 1064 1718 πλατάνιστον
1095 1674 1396 1733 ἑφερπύζουσα
1430 1677 1640 1718 καλύπτει

583 1746 802 1800 ἄμπελος·
837 1745 984 1803 ὀθνείῃ
1016 1740 1056 1787 δ’
1084 1746 1367 1804 ἀμφιτὲθηλα
1401 1747 1522 1804 κόμῃ,

523 1815 546 1873 ἢ
581 1817 684 1873 πρὶν
716 1816 836 1870 ἐμοῖς
868 1816 1141 1859 θαλέθουσιν
1172 1811 1434 1873 ἕνιθρέψασ’
1472 1817 1726 1875 ὀροδάμνοις

581 1888 780 1943 βότρυας,
814 1890 837 1944 ἦ
870 1888 1026 1944 ταύτης
1059 1887 1134 1930 οὐκ
1166 1887 1471 1946 ἀιτετηλοῐέρη.

530 1956 657 2015 Ίοιήν
687 1957 831 2012 μέντοι
865 1956 1018 2000 {scena
1051 1958 1321 2016 τιθηνεῖσθαι
1353 1976 1420 2010 τις
1453 1958 1637 2016 ἑταίρην,

583 2030 675 2086 ἥτις
707 2027 990 2085 ἀμείψασθαι
1024 2029 1097 2071 καὶ
1130 2030 1249 2073 νέκυν
1280 2025 1369 2072 οἶδε
1399 2031 1517 2088 μόνη.

285 2100 471 2141 Platane
511 2100 601 2140 und
640 2099 877 2142 Wemstoclc
909 2125 964 2130 —
997 2102 1136 2154 inquit
1169 2126 1223 2130 —
1255 2101 1396 2143 slehen
1435 2102 1527 2142 hier
1562 2115 1674 2155 qam
1712 2103 1772 2143 im
1813 2101 1919 2143 Ver-

286 2170 447 2211 hc'iltnis
468 2171 582 2212 eines
605 2170 820 2212 liebenden
842 2171 1020 2222 Paares,
1050 2172 1205 2224 ycrade
1237 2185 1280 2213 so
1312 2173 1390 2214 wie
1423 2173 1486 2214 bei
1523 2172 1668 2214 catull
1698 2173 1767 2214 die
1797 2171 1919 2215 Ulme

285 2241 377 2282 und
408 2241 475 2282 die
507 2241 618 2283 Rebe
650 2243 856 2295 affertque
889 2243 1003 2284 idem
1036 2243 1077 2283 in
1111 2244 1288 2284 eandem
1320 2257 1409 2285 rem
1443 2244 1620 2286 Goethei
1652 2247 1696 2285 et
1728 2244 1920 2297 elegiam,

289 2325 395 2366 quae
428 2312 640 2365 Amyntas
671 2314 926 2361 inscribitur,
959 2316 1000 2355 et
1033 2316 1289 2355 sententiam
1324 2316 1451 2356 hanc:

525 2383 680 2435 Epheu
711 2384 803 2424 und
832 2384 902 2425 ein
933 2384 1114 2425 zdrtlich
1149 2385 1300 2427 Gemiit

525 2454 670 2506 Hester}
698 2454 788 2495 sich
820 2468 878 2494 an
909 2455 1000 2495 und
1027 2458 1158 2507 yrimt
1188 2456 1280 2496 und
1311 2456 1436 2506 maht,

524 2525 663 2566 Kann
695 2539 737 2566 es
766 2525 902 2566 weder
934 2524 1093 2567 Stamm
1125 2527 1229 2567 noch]
1261 2527 1423 2568 Mauer
1451 2527 1608 2579 finden,

526 2595 589 2637 Es
620 2610 736 2636 muss
766 2596 1005 2647 υθνίῐοιψεη,
1039 2611 1081 2638 es
1112 2611 1228 2637 mass
1259 2598 1584 2639 verschwinden.

288 2666 393 2707 Mihi
417 2667 585 2718 quidem
619 2667 723 2708 haec
745 2668 885 2708 omnia
917 2668 960 2708 in
982 2668 1061 2709 hac
1094 2680 1235 2708 rerum
1260 2669 1443 2721 quadam
1476 2668 1751 2710 similitudine
1773 2670 1919 2709 tamen

289 2736 570 2778 dissimillima
612 2738 809 2779 videntur
848 2738 1040 2790 reditque
1085 2751 1134 2779 ea
1175 2738 1473 2780 dissimilitudo
1515 2740 1567 2780 ad
1600 2740 1717 2781 illam
1750 2739 1919 2780 notissi-

288 2820 405 2849 mam
438 2809 602 2861 generis
635 2809 947 2859 diversitatem,
989 2821 1096 2862 quae
1136 2811 1304 2851 nativae
1347 2812 1410 2852 est
1450 2823 1621 2864 poeseos
1665 2811 1750 2852 sive
1782 2810 1920 2864 ipsam
