2013 3223
875 134 929 170 49

211 263 280 300 33.
327 256 523 308 Namque
553 258 622 296 tao
654 255 836 298 adventu
865 255 1017 308 vigilat
1046 256 1238 297 custodia
1267 269 1440 307 semper.

331 326 461 368 Nocte
493 326 621 368 latent
650 326 778 378 fares,
811 339 913 378 quos
943 327 1054 367 idem
1083 339 1207 378 saepe
1238 329 1456 376 revertens,

211 402 279 440 35.
327 397 528 448 Hespere,
560 399 718 437 mutato
749 396 1012 448 comprendis
1042 397 1209 438 nomine
1240 397 1410 438 eosdem.

327 466 388 507 At
420 465 528 507 lubet
558 466 755 517 innuptis
783 466 878 518 ficto
908 469 946 507 te
977 480 1148 518 carpere
1179 469 1336 519 questu.

331 536 446 588 Quid
475 539 574 586 tum,
606 536 644 576 si
675 539 858 588 carpunt
888 537 1021 577 tacita
1051 551 1171 589 quem
1200 539 1333 578 mente
1364 537 1622 590 requirunt?

326 606 497 659 Hymen
527 619 550 647 0
580 606 838 659 Hymenaee,
872 607 1041 659 Hymen
1072 607 1173 647 ades
1203 623 1224 648 0
1255 607 1509 659 Hymenaee.

88 677 253 718 Versus
288 682 338 718 32
374 689 484 717 unus
518 679 713 729 superest
745 689 793 718 ex
826 678 957 718 altera
980 678 1152 731 stropha
1183 678 1356 729 reliquis
1389 679 1576 720 eiusdem
1609 681 1721 720 stro-

90 749 202 802 phae
235 748 386 788 lacuna
420 748 562 799 aliqua
584 760 680 788 cum
701 750 820 800 parte
844 748 1130 801 antistrophae
1153 749 1330 797 haustis,
1363 761 1491 801 quam
1520 750 1716 791 lacunam

90 819 157 860 vel
187 819 279 872 ipsa
309 830 510 858 versuum
544 822 597 859 32
632 820 674 858 et
697 823 748 859 36
773 818 884 858 inter
907 831 949 859 se
973 819 1174 871 oppositio
1197 819 1310 860 facta
1332 819 1500 860 indicat.
1553 819 1714 862 Cantus

89 889 223 938 enim,
264 889 336 941 qui
366 889 556 929 versibus
589 894 760 930 33——37
806 889 1063 937 continetur,
1104 889 1224 930 docet
1265 890 1435 930 iuvenes
1479 890 1531 930 ad
1569 903 1715 944 oppro-

91 960 182 1000 bria
211 958 479 1012 respondere,
521 971 627 1010 quae
669 959 832 1011 puellae
874 958 1062 1011 Hespero
1095 959 1306 1006 fecerunt;
1337 972 1436 1000 nam
1481 963 1716 1013 queruntur

89 1030 255 1082 puellae
295 1041 369 1082 per
399 1028 636 1081 Hesperum
675 1028 752 1068 sibi
793 1040 921 1068 unam
964 1028 1138 1077 auferri,
1170 1029 1341 1070 iuvenes
1385 1042 1482 1071 eum
1524 1033 1713 1082 questum

87 1100 360 1151 redarguunt.

208 1169 387 1211 Omnino
420 1181 527 1217 vero,
562 1169 670 1221 quod
703 1169 745 1209 in
779 1169 912 1222 primo
946 1170 1215 1223 stropharum
1246 1170 1337 1223 pari
1369 1171 1549 1212 vidimus
1588 1174 1629 1213 et
1669 1173 1711 1212 in

87 1240 214 1281 tertio
244 1252 340 1280 mox
372 1239 618 1287 videbimus,
650 1252 723 1292 per
756 1239 860 1280 haec
892 1239 972 1280 duo
996 1240 1265 1293 stropharum
1296 1241 1414 1293 paria
1446 1242 1600 1294 ubique
1644 1255 1712 1284 ac-

85 1312 281 1352 curatam
320 1311 573 1363 plenamque
606 1310 740 1350 teneri
772 1312 814 1350 et
846 1310 1156 1350 sententiarum
1198 1312 1240 1351 et
1280 1311 1502 1352 verborum
1541 1325 1712 1366 respon-

86 1381 259 1429 sionem,
289 1380 332 1420 id
362 1380 453 1433 ipsa
485 1380 572 1420 eius
606 1380 846 1420 certaminis
878 1380 1017 1420 indole
1055 1381 1243 1433 poscitur
1276 1383 1317 1422 et
1358 1381 1556 1431 efficitur,
1599 1383 1707 1424 unde

84 1451 145 1500 fit,
177 1452 226 1491 ut
256 1451 300 1490 in
331 1451 463 1490 altera
496 1450 667 1503 stropha
699 1452 740 1490 et
773 1451 1037 1503 antistropha
1077 1475 1135 1480 —
1175 1452 1283 1503 quod
1322 1452 1508 1494 Pleitner
1541 1467 1706 1506 quoque

86 1521 112 1562 l.
160 1533 192 1561 c.
238 1534 276 1574 p.
325 1525 390 1562 68.
445 1526 495 1561 71
550 1520 772 1573 praecipue
822 1522 1165 1562 commemoravit
1218 1546 1271 1551 —
1326 1524 1588 1575 aequabilem
1640 1526 1711 1566 ob-

84 1591 262 1632 tinuisse
310 1591 532 1631 criminum
582 1593 624 1631 et
672 1591 930 1644 prolatorum
980 1594 1022 1632 et
1062 1592 1341 1634 refutatorum
1381 1594 1707 1647 dispositionem,

85 1663 136 1702 ut
175 1661 301 1701 huius
349 1661 661 1712 aequabilitatis
708 1662 892 1702 subsidio
933 1662 1066 1702 adiuti
1104 1675 1124 1703 e
1163 1664 1351 1704 versibus
1394 1665 1569 1706 servatis
1613 1679 1709 1707 911111

84 1732 264 1773 veritate
297 1731 346 1771 de
369 1731 619 1772 amissorum
652 1744 850 1772 versuum
882 1733 1101 1773 sententiis
1134 1734 1417 1775 coniecturam
1449 1735 1583 1777 facere
1616 1750 1710 1790 pos-

85 1802 230 1842 simus

204 1873 264 1911 Ac
313 1872 424 1911 recte
456 1871 511 1911 M.
543 1871 729 1924 Hauptio
760 1873 803 1912 in
836 1885 897 1925 op.
928 1872 950 1913 Ι
981 1886 1018 1926 p.
1052 1874 1142 1915 35*
1185 1873 1232 1915 G.
1264 1875 1497 1916 Hermanni
1524 1879 1708 1923 ,senten-

82 1941 189 1982 tiam
222 1941 508 1994 comprobanti
540 1941 733 1983 videntur
764 1944 928 1995 puellae
961 1944 1037 1984 hoc
1070 1945 1249 1985 maxime
1283 1946 1440 1986 crimen
1472 1947 1515 1986 in
1546 1947 1709 2001 Hespe-

82 2024 179 2052 rum
212 2011 448 2060 coniecisse,
482 2011 590 2063 quod
624 2015 735 2054 esset
765 2013 853 2066 ipse
886 2013 953 2054 fur
986 2015 1071 2055 sive
1109 2016 1273 2068 raptor,
1305 2028 1382 2056 nec
1413 2018 1705 2069 perstrinxisse

82 2081 295 2135 putandae
329 2083 428 2122 sunt
462 2106 515 2111 —
549 2085 598 2122 ut
628 2083 843 2124 Baehrens
877 2085 1071 2137 opinatur
1102 2108 1160 2113 ——
1201 2088 1408 2127 amatores
1451 2087 1622 2140 cupidos
1665 2091 1706 2130 et

79 2152 363 2193 clandestinos
395 2152 461 2192 vel
494 2165 596 2204 quos
628 2153 773 2194 sidera
805 2153 947 2203 multa,
980 2168 1074 2194 cam
1104 2157 1210 2195 tacet
1241 2168 1334 2205 nox,
1366 2155 1547 2207 furtivos
1568 2157 1699 2199 homi-

78 2235 184 2263 num
229 2221 370 2263 vident
411 2235 594 2272 amores,
642 2223 712 2264 sed
759 2237 914 2264 novum
960 2226 1188 2274 maritum,
1235 2226 1436 2267 nimirum
1484 2229 1581 2280 quia
1628 2230 1705 2270 sub

80 2293 244 2346 vesperi
276 2295 370 2333 ortu
400 2305 508 2333 nova.
538 2295 672 2346 nupta
704 2295 782 2335 sibi
814 2294 1051 2336 auferretur
1083 2296 1135 2349 (v.
1170 2296 1252 2349 32).
1315 2297 1383 2337 Ita
1413 2299 1538 2350 paulo
1570 2301 1704 2352 magis

78 2364 125 2404 et
157 2363 294 2404 acrius
327 2375 454 2415 quam
495 2364 537 2404 in
579 2364 714 2417 prima
756 2366 928 2418 stropha
968 2367 991 2406 i.
1035 2378 1066 2407 9.
1110 2380 1143 2407 V.
1187 2372 1359 2408 20-24
1400 2368 1561 2410 factum
1602 2373 1704 2420 erat,

79 2434 297 2486 querelam
329 2446 449 2474 suam
481 2434 530 2474 de
564 2435 745 2476 abducta
776 2436 934 2488 virgine
966 2437 1130 2489 puellae
1164 2441 1383 2487 auxerunt,
1416 2439 1489 2480 sed
1518 2440 1566 2480 de
1591 2441 1705 2481 clan-

77 2503 256 2544 destinis
289 2504 499 2544 amoribus
533 2506 607 2545 aut
637 2505 688 2546 de
730 2507 934 2547 amatoria
976 2507 1186 2556 custodia,
1228 2510 1277 2548 ut
1315 2521 1430 2550 more
1473 2509 1701 2552 Ovidianae

78 2574 274 2614 lasciviae
306 2574 589 2626 loquerentur,
621 2588 855 2628 numquam
896 2578 1197 2629 cogitaverunt.
1258 2579 1426 2620 Absunt
1469 2581 1574 2621 tales
1617 2594 1704 2623 om-

76 2644 176 2684 nino
209 2644 479 2696 cogitationes
512 2645 562 2686 ab
594 2645 719 2687 huius
752 2648 992 2688 certaminis
1026 2649 1275 2690 verecundia
1307 2651 1349 2690 et
1381 2651 1664 2703 simplicitate.

200 2713 281 2755 Sed
312 2714 354 2754 id
387 2715 543 2756 crimen
573 2715 633 2756 ita
673 2717 908 2758 dissolvunt
948 2719 1124 2770 argutiis
1167 2719 1252 2760 suis
1294 2721 1488 2769 iuvenes,
1531 2724 1580 2762 ut
1619 2735 1702 2763 non

76 2796 301 2837 vesperum
333 2797 422 2826 esse
454 2785 662 2827 fautorem
694 2787 796 2828 furti
827 2788 932 2829 illud
971 2789 1207 2841 puellarum
1245 2790 1404 2832 dictum
1446 2793 1700 2844 corrigentes

150 2864 183 2890 W
192 2872 207 2890 e
216 2865 232 2890 b
241 2873 256 2891 e
264 2873 276 2891 1·
283 2885 291 2895 ‚
312 2865 504 2896 Quaestiones
519 2866 710 2894 Catullianae.
1396 2861 1419 2894 4
