2013 3223
862 159 941 216 3511

87 282 348 334 bereitunyen
388 281 473 334 auf
503 281 647 322 beiden
685 280 824 323 Seiten
871 282 1066 334 yetroffen
1105 281 1289 332 werden,
1329 281 1432 322 malt
1470 282 1558 323 sich
1597 282 1691 323 sehr

85 351 207 392 sehim
236 351 284 392 in
315 351 393 392 den
423 351 589 400 humen,
620 352 812 393 meistens
841 365 926 392 nur
957 352 1078 393 einen
1107 351 1257 393 halben
1288 351 1390 393 Vers
1423 351 1571 405 langen
1601 353 1692 393 und

86 421 345 474 asyndetisch
377 421 639 462 anema-rader
667 421 875 474 yerez'hten
906 421 1068 464 Sdtzen.

201 493 260 532 Ac
306 491 438 532 denuo
484 493 561 532 hoc
606 492 694 533 1000
727 493 1136 534 commemorandum
1179 494 1259 542 est,
1305 505 1378 546 per
1418 494 1556 534 totum
1598 505 1692 546 pro-

86 561 265 602 oemium
297 562 471 614 singulis
502 562 601 602 locis
635 562 780 602 statim
811 563 943 615 primo
978 575 1140 615 quoque
1172 575 1298 604 versu
1328 563 1490 604 indiciis
1521 563 1692 615 quibus-

86 631 182 672 dam
214 631 338 672 certis
371 632 638 685 perspicuum
669 632 769 681 fieri,
801 633 896 673 utra
926 645 1022 686 pars
1055 633 1189 674 dicere
1221 633 1403 686 incipiat.

847 870 923 922 H.

200 982 539 1035 Disputationem
572 993 677 1033 quae
709 982 893 1034 proxime
925 982 1175 1034 praecessit,
1217 982 1455 1034 separatam
1488 994 1511 1022 a
1544 983 1691 1023 ceteris

85 1052 396 1105 quaestionibus
437 1051 635 1104 praemisi
675 1051 724 1092 de
765 1052 894 1092 totius
934 1052 1129 1092 carminis
1171 1051 1332 1100 ordine,
1372 1064 1424 1092 ne
1471 1052 1521 1093 iis
1561 1053 1692 1106 impe-

83 1122 279 1162 dimentis
311 1122 564 1170 oneraretur,
604 1133 709 1173 quae
741 1122 1126 1162 nonnullorum
1158 1122 1398 1163 locorum
1431 1122 1690 1176 aliarumque

81 1205 234 1241 rerum,
276 1203 379 1244 quae
422 1191 708 1243 adiungendae
752 1192 1017 1241 viderentur,
1059 1191 1258 1233 afferebat
1296 1192 1689 1246 interpretatio

84 1262 165 1304 Sed
198 1262 393 1315 quoniam
432 1261 578 1314 positis
611 1261 896 1303 fundamentis
938 1262 1099 1303 aditum
1130 1263 1291 1304 munivi
1323 1263 1374 1303 ad
1416 1263 1493 1304 hoc
1524 1276 1691 1305 carmen

82 1333 219 1374 verius
252 1344 377 1384 quam
415 1331 574 1373 factum
615 1334 680 1372 est
710 1332 1059 1385 intellegendum,
1106 1333 1191 1374 iam
1223 1333 1258 1374 ei
1292 1345 1456 1386 quoque
1497 1334 1605 1386 quod
1638 1335 1687 1376 de

82 1403 204 1444 huius
237 1402 430 1443 carminis
469 1402 623 1454 origine
665 1401 750 1442 fero
782 1402 935 1443 iudicio
967 1415 1073 1443 nova
1106 1415 1153 1444 ex
1185 1403 1526 1456 interpretatione
1569 1417 1689 1457 prae-

82 1472 186 1514 sidia
215 1472 426 1525 paravisse
459 1471 563 1512 mihi
596 1472 746 1512 videor.

196 1543 345 1594 Atque,
386 1543 435 1582 ut
467 1541 525 1581 ait
555 1541 630 1582 Ad.
661 1541 875 1594 Kiessling
913 1543 954 1582 in
987 1543 1069 1583 ind.
1108 1543 1202 1584 lect.
1237 1543 1539 1597 Gryphiswald.
1574 1549 1683 1587 1877

79 1626 117 1666 p.
163 1618 189 1653 4
243 1625 337 1653 cum
383 1611 561 1653 Useneri
614 1612 864 1654 auctoritate
912 1614 1186 1663 consentiens,
1239 1615 1539 1666 grammaticae
1586 1616 1688 1656 artis

79 1682 260 1724 rationes
294 1682 561 1734 quantumvis
593 1683 712 1723 tenui
743 1683 811 1723 filo
845 1684 1079 1724 errabunda
1110 1684 1388 1738 interpretum
1419 1685 1596 1738 vestigia
1626 1698 1691 1727 re-

81 1765 175 1806 gere
198 1752 360 1793 debent.
403 1751 522 1801 Quod
543 1752 706 1793 Usener
728 1752 830 1793 dixit
861 1754 1026 1795 omnino
1058 1767 1186 1796 unam
1220 1767 1311 1796 esse
1333 1755 1689 1808 interpretationis

80 1823 283 1864 rationem
324 1834 417 1863 eam
458 1834 563 1874 quae
605 1824 693 1863 arte
735 1824 1011 1875 grammatica
1050 1825 1229 1875 nitatur,
1270 1825 1380 1866 idem
1412 1826 1454 1866 F.
1486 1828 1534 1867 A.
1565 1826 1688 1877 Wolf,

81 1905 205 1945 quem
236 1894 284 1933 ut
317 1893 530 1933 auctorem
563 1893 605 1933 et
627 1894 828 1934 statorem
849 1894 1099 1947 philologiae
1131 1895 1316 1945 colimus,
1348 1896 1413 1936 his
1445 1896 1530 1937 fere
1552 1898 1688 1938 verbis

79 1962 348 2015 significavit:
391 1961 464 2002 der
499 1960 669 2003 Context
705 1962 794 2003 will
822 1963 1028 2017 jedcsmal
1067 1967 1151 2005 erst
1203 1978 1282 2006 aus
1312 1965 1690 2018 wohlbeyrimdeter

86 2031 432 2085 Worterklatruny
464 2032 690 2073 entwiclcelt
719 2033 822 2083 sem,
854 2033 968 2074 nicht
999 2034 1109 2075 diese
1141 2048 1220 2075 aus
1246 2036 1390 2088 jenem.
1452 2035 1549 2077 Das
1569 2035 1687 2078 Deu—

76 2101 159 2143 ieln
199 2116 278 2142 aus
310 2101 399 2143 dem
431 2101 574 2155 blcsten
609 2101 779 2144 Context
809 2103 864 2144 ist
895 2104 964 2144 ein
997 2103 1166 2157 leicliyes
1196 2105 1442 2147 Nothmittel
1478 2105 1551 2148 der
1581 2106 1686 2149 Dol-

76 2172 330 2222 masclam-ei,
370 2172 447 2213 das
483 2172 549 2213 hie
580 2173 672 2213 und
709 2172 765 2213 da
795 2187 848 2214 zu
880 2174 1012 2215 einem
1043 2174 1305 2227 unqefdhren
1337 2174 1469 2218 Sinne
1506 2177 1687 2230 verhilft,

75 2242 166 2284 und
194 2242 258 2284 bei
279 2241 491 2284 manchem
513 2241 811 2295 Schriftsteller
838 2247 934 2297 yute
955 2244 1131 2286 Dienste
1163 2244 1309 2287 Zeisten
1340 2260 1435 2300 may
1467 2248 1552 2302 (Kl.
1571 2247 1685 2290 Schr.

74 2313 118 2354 H
145 2326 184 2367 p.
210 2318 319 2355 1123
331 2313 408 2367 Β.).
468 2313 556 2354 Has
588 2314 717 2366 igitur
747 2315 929 2356 rationes
961 2316 1070 2357 sicut
1101 2317 1143 2357 in
1175 2317 1384 2370 superiore
1416 2312 1551 2372 capite
1582 2319 1686 2360 item

74 2383 116 2424 111
146 2383 224 2425 1100
256 2383 488 2436 sequendas
520 2396 609 2425 esse
642 2384 749 2425 duxi.

189 2453 240 2495 In
271 2465 395 2495 versu
428 2460 524 2506 lsq.
555 2455 633 2496 hoc

1012 2525 1164 2578 Vesper
1199 2526 1370 2581 Olympo

380 2593 615 2646 Expectata
647 2595 722 2636 diu
752 2596 825 2636 vix
855 2596 1022 2637 tandem
1054 2595 1219 2638 lumina
1250 2597 1367 2639 tollit.

74 2664 291 2706 dubitatur
322 2664 371 2706 de
404 2676 526 2706 casus
560 2664 729 2719 Olympo
759 2666 938 2717 ratione,
978 2668 1122 2709 utrum
1157 2660 1404 2731 ‘ablativus'
1441 2670 1496 2711 sit
1527 2682 1580 2711 an
1611 2670 1683 2712 da-

72 2735 195 2777 tivus.

191 2804 272 2847 Sed
314 2805 385 2858 qui
424 2805 474 2847 de
516 2807 725 2848 communi
765 2807 903 2860 aliquo
946 2800 1157 2869 ‘ablativi’
1201 2821 1282 2851 usu
1322 2810 1529 2863 loquitur,
1577 2811 1681 2852 nihil

1349 2879 1399 2914 3*
