2013 3223
1037 115 1120 170 ⁷1¹3
1182 170 1185 171 ⁷

267 235 341 274 aut
373 236 573 283 cunctari,
608 237 707 287 quin
740 238 950 290 extemplo
982 237 1023 277 id
1055 250 1210 278 munus
1260 238 1517 299 (confectum
1559 233 1760 281 carmine‘
1807 241 1894 282 sive

267 304 449 346 officium
481 306 607 346 Malio
642 307 854 359 praebeat.
886 320 936 348 ne
971 308 1059 348 eius
1094 310 1136 349 et
1168 309 1266 348 Allii
1297 309 1456 349 nomini
1483 322 1556 362 per
1577 323 1739 352 moram
1761 323 1894 364 usque

266 387 416 416 novam
451 376 571 428 quasi
603 377 751 428 rubigo
785 377 1071 427 adhaerescat,
1105 379 1214 419 sicut
1245 392 1321 419 nos
1355 379 1404 420 de
1444 380 1628 421 amicitia
1670 384 1711 422 et
1755 394 1894 424 amore

268 445 414 486 eadem
446 446 721 488 translatione
755 448 927 489 utimur.
990 449 1194 490 Adhibuit
1238 450 1443 491 translate
1490 450 1664 492 Ovidius
1705 452 1747 492 in
1786 453 1893 494 trist.

266 515 305 555 V
342 522 406 565 12,
442 521 490 557 21
531 517 769 578 ¹ingenium
802 519 925 571 longa
957 520 1141 572 robigine
1175 512 1355 561 laesum'
1394 521 1561 574 (Baehr.
1583 535 1621 575 p.
1647 523 1760 575 533).
1814 522 1896 564 Sed

266 599 464 648 taraneae
499 579 661 636 telam’‚
694 589 773 629 nisi
805 590 839 629 si
870 590 919 630 de
944 602 1119 631 araneae
1153 604 1274 644 opere
1307 592 1480 644 cogitari
1512 595 1662 645 posset,
1691 605 1895 646 umquam

265 658 472 698 translata
505 658 721 700 oblivionis
755 660 922 701 notione
958 661 1189 702 adhibitam
1223 661 1351 702 fuisse
1384 663 1528 714 negari
1571 663 1708 704 debet.
1760 664 1895 705 Aliter

265 727 397 768 sensit
428 727 480 768 H.
512 729 694 782 Magnus
728 729 782 770 N.
818 730 968 772 Jahrb.
1016 738 1110 774 113.
1147 738 1270 774 1876.
1302 746 1340 786 p.
1375 738 1479 775 403:
1519 734 1586 774 die
1625 734 1895 785 spz‘mzweben

262 797 365 837 siml
391 798 541 849 yezvt'ss
586 799 753 852 (ebenso
795 802 871 843 wie
915 801 987 842 der
1028 805 1113 843 rost
1150 802 1195 842 in
1236 817 1272 843 v.
1315 804 1415 857 151)
1455 817 1540 844 mm·
1586 803 1781 845 bildliche
1828 804 1894 845 be-

262 868 493 921 zez'clmuny
526 870 601 911 der
632 871 932 923 remessenhit
965 873 1056 913 und
1094 872 1506 926 vernachlassiymay.
1579 873 1671 915 Der
1708 874 1895 926 yedanke

265 938 385 1000 (dein
417 953 540 981 name
572 944 686 993 mdyc
718 942 823 982 noch
854 943 901 983 ‘in
932 946 1077 995 spc'itcr
1107 944 1187 984 zeii
1230 944 1275 984 in
1316 944 1709 997 unrerqc‘tnylichem
1749 945 1895 986 ruhme

260 1003 457 1061 ylc'iozzen'
496 1011 549 1051 ist
580 1013 748 1064 negyativ
781 1013 1058 1066 ausyedriiekt
1092 1015 1278 1067 itemque
1318 1016 1440 1056 Riese
1480 1016 1803 1069 interpretatur:
1844 1016 1893 1057 de

264 1093 347 1132 qua
396 1081 742 1137 interpretatione
794 1097 1053 1137 quamquam
1104 1087 1295 1139 probavit
1333 1086 1547 1128 Baehrens
1599 1087 1686 1140 ipse
1727 1100 1764 1140 p.
1811 1091 1893 1129 505

263 1150 454 1193 dubitare
488 1155 630 1195 tamen
664 1155 839 1196 videtur.

381 1223 491 1264 Nam
525 1225 657 1277 elegia
690 1226 763 1272 illa.
793 1239 905 1267 nunc
938 1227 1120 1280 primum
1154 1229 1308 1280 publici
1341 1228 1442 1268 iuris
1476 1228 1587 1269 facta
1611 1229 1708 1269 Allii
1740 1242 1893 1270 nomen

263 1292 511 1334 celebratur.
574 1296 737 1337 Iterum
780 1298 910 1349 igitur
952 1310 997 1338 ex
1043 1299 1141 1338 Allii
1181 1299 1421 1339 laudatione
1465 1300 1622 1351 aliquid
1666 1300 1894 1353 repetitum

262 1362 346 1404 fere
379 1364 422 1404 in
456 1366 667 1419 epilogum
701 1368 967 1417 transfertur,
1001 1369 1110 1410 sicut
1144 1382 1288 1410 versus
1323 1370 1374 1410 ad
1417 1369 1591 1411 fratrem
1633 1371 1891 1423 pertinentes

261 1433 303 1474 in
336 1437 606 1488 prooemium.
670 1438 847 1489 Quando
882 1439 1076 1481 Catullus
1111 1445 1151 1481 et
1186 1441 1388 1493 quamdiu
1423 1444 1514 1482 tum
1547 1441 1738 1482 Veronae
1782 1454 1893 1483 com-

260 1508 448 1547 moratus
483 1508 538 1548 sit
570 1509 767 1550 nescitur.
817 1510 1033 1551 Baehrens
1067 1524 1162 1551 cum
1196 1512 1282 1552 veri
1316 1511 1588 1553 similitudine
1613 1513 1764 1553 statuit
1797 1525 1893 1554 eum

262 1577 381 1617 annis
415 1578 498 1619 fere
534 1585 588 1621 60
622 1582 663 1621 et
697 1586 749 1622 59
795 1581 849 1621 ibi
891 1580 1018 1622 fuisse
1054 1582 1102 1622 cf.
1136 1583 1236 1635 prol.
1280 1596 1316 1635 p.
1361 1588 1432 1624 28.
1481 1583 1545 1623 cui
1586 1583 1762 1636 tempori
1811 1584 1893 1624 alia

262 1648 468 1700 quaedam
502 1662 567 1691 res
601 1652 806 1692 convenit.

380 1719 555 1761 Initium
589 1722 746 1774 elegiae
781 1736 815 1762 v.
850 1729 1001 1775 41sq.:

498 1791 596 1832 Nou
621 1805 796 1843 possum„
830 1793 1012 1843 reticere,
1046 1794 1157 1843 deae,
1191 1807 1274 1845 qua
1308 1807 1370 1834 me
1402 1793 1550 1834 Allius
1585 1794 1625 1834 iu
1662 1807 1705 1834 re

561 1862 720 1904 Iuverr‘t
753 1867 829 1904 αμί
861 1865 1034 1916 quantis
1066 1865 1221 1905 iuverit
1253 1865 1446 1918 (auxerit
1458 1865 1508 1919 ?)
1542 1864 1706 1917 officiis.

259 1944 341 1972 non
374 1933 553 1985 pendere
599 1935 683 1975 ullo
726 1935 847 1976 modo
891 1936 942 1976 ab
984 1936 1166 1989 epistula
1207 1936 1473 1989 praecedenti
1514 1936 1717 1983 vidimus;
1756 1948 1891 1989 neque

261 2002 372 2043 enim
404 2004 580 2046 reticere
614 2006 746 2046 voluit
779 2007 997 2047 haecAllii
1030 2007 1165 2047 officia
1187 2020 1269 2048 non
1293 2007 1431 2055 Malio,
1465 2007 1536 2048 sed
1558 2008 1704 2047 Musis.
1753 2006 1891 2057 Quam

259 2074 371 2114 enim
404 2075 710 2118 beatitudinem
751 2077 792 2118 in
826 2078 999 2119 Lesbiae
1034 2090 1173 2118 amore
1207 2078 1426 2126 sentiebat,
1459 2078 1561 2118 haec
1594 2091 1690 2119 eum
1722 2079 1892 2131 impulit

261 2144 312 2185 ad
345 2145 453 2187 hanc
485 2147 663 2200 elegiam
687 2149 1018 2202 componendam
1040 2162 1116 2189 nec
1138 2151 1279 2189 tamen
1314 2161 1480 2190 omnem
1503 2149 1677 2189 iniuriae
1711 2149 1891 2190 alienam

258 2228 430 2258 uxorem
464 2219 697 2271 appetendo
730 2219 866 2260 factae
899 2220 1147 2260 memoriam
1171 2232 1267 2260 eum
1291 2220 1494 2269 amisisse,
1527 2220 1630 2260 haec
1653 2220 1743 2273 ipsa
1775 2221 1892 2273 pate-

259 2286 359 2327 facit
392 2288 524 2341 elegia
558 2289 605 2330 cf.
637 2290 788 2330 Baehr.
818 2291 920 2343 prol.
953 2304 989 2344 p.
1025 2295 1091 2332 27.
1153 2293 1213 2331 Ac
1246 2293 1380 2332 morte
1413 2291 1555 2332 fratris
1588 2291 1691 2332 illud
1725 2303 1889 2344 quoque

262 2357 458 2400 effectum
493 2372 584 2400 esse
618 2361 823 2410 convenit,
857 2364 905 2402 ut
937 2363 977 2402 in
1021 2362 1255 2402 adhibenda
1295 2362 1438 2403 fabula
1479 2362 1734 2403 Laudamiae
1776 2374 1890 2403 seve-

262 2429 382 2470 rioris
417 2431 545 2471 animi
579 2432 929 2485 cogitationisque
962 2432 1140 2485 vestigia
1173 2435 1421 2485 sequeretur
1453 2433 1494 2473 in
1527 2433 1606 2474 hac
1639 2433 1792 2474 amoris
1825 2433 1891 2473 sui

260 2498 460 2541 felicitate
495 2501 780 2552 describenda,
814 2503 890 2544 hoc
913 2505 1002 2544 tam
1034 2503 1147 2544 tristi
1180 2516 1280 2544 casu
1315 2517 1336 2544 a
1369 2504 1592 2545 levioribus
1626 2504 1787 2545 lusibus
1821 2503 1892 2545 de-

259 2570 449 2623 liciisque
484 2572 704 2614 abductus.
769 2573 850 2615 Sed
883 2574 984 2615 dum
1016 2574 1190 2615 Lesbiae
1226 2574 1404 2636 (furtiva
1436 2575 1689 2616 munuscula
1722 2587 1768 2615 ex
1801 2575 1890 2628 ipso

259 2640 429 2695 dempta
462 2643 540 2684 viri
573 2637 755 2697 gremio’
790 2646 843 2698 (v.
881 2650 959 2687 145
975 2646 1052 2698 sq.)
1086 2646 1250 2698 aliaque
1284 2648 1604 2694 commemorat,
1637 2646 1677 2686 id
1721 2645 1891 2698 quidem

259 2723 434 2764 arguere
468 2714 633 2755 videtur
665 2717 758 2756 tum
789 2716 974 2769 primum
1006 2717 1173 2757 licuisse
1207 2717 1385 2769 elegiam
1419 2717 1459 2757 in
1497 2717 1712 2770 publicum
1757 2715 1890 2765 edere,

258 2794 519 2836 quamquam
542 2784 625 2827 iam
649 2785 761 2827 facta
791 2788 893 2827 erat.
935 2788 1074 2839 Atque
1098 2786 1138 2827 id
1171 2788 1263 2827 tum
1297 2787 1468 2828 demum
1501 2787 1537 2828 ei
1569 2787 1735 2828 licuisse
1760 2785 1890 2827 videri
