<?xml version="1.0" encoding="UTF-8"?>
<!DOCTYPE html PUBLIC "-//W3C//DTD XHTML 1.0 Transitional//EN"
    "http://www.w3.org/TR/xhtml1/DTD/xhtml1-transitional.dtd">
<html xmlns="http://www.w3.org/1999/xhtml" xml:lang="en" lang="en">
 <head>
  <title>
</title>
<meta http-equiv="Content-Type" content="text/html;charset=utf-8" />
  <meta name='ocr-system' content='tesseract 3.04.00' />
  <meta name='ocr-capabilities' content='ocr_page ocr_carea ocr_par ocr_line ocrx_word'/>
</head>
<body>
  <div class='ocr_page' id='page_1' title='image "./quaestionescatul00webeuoft_0131.png"; bbox 0 0 2013 3223; ppageno 0'>
   <div class='ocr_carea' id='block_1_1' title="bbox 863 141 965 197">
    <p class='ocr_par' dir='ltr' id='par_1_1' title="bbox 863 141 965 197">
     <span class='ocr_line' id='line_1_1' title="bbox 863 141 965 197; baseline -0.01 -20"><span class='ocrx_word' id='word_1_1' title='bbox 863 141 965 197; x_wconf 39' lang='grc' dir='ltr'>ψ111</span> 
     </span>
    </p>
   </div>
   <div class='ocr_carea' id='block_1_2' title="bbox 108 263 1737 2499">
    <p class='ocr_par' dir='ltr' id='par_1_2' title="bbox 108 263 1737 1854">
     <span class='ocr_line' id='line_1_2' title="bbox 111 263 1735 319; baseline 0 -14"><span class='ocrx_word' id='word_1_2' title='bbox 111 279 150 319; x_wconf 87' lang='lat' dir='ltr'>p.</span> <span class='ocrx_word' id='word_1_3' title='bbox 186 271 238 307; x_wconf 90' lang='lat'>15</span> <span class='ocrx_word' id='word_1_4' title='bbox 252 277 312 317; x_wconf 93' lang='lat' dir='ltr'>sq.</span> <span class='ocrx_word' id='word_1_5' title='bbox 351 265 417 304; x_wconf 87' lang='lat' dir='ltr'>Fr.</span> <span class='ocrx_word' id='word_1_6' title='bbox 451 264 592 305; x_wconf 77' lang='lat' dir='ltr'>Scholl</span> <span class='ocrx_word' id='word_1_7' title='bbox 624 265 649 304; x_wconf 95' lang='lat' dir='ltr'>l.</span> <span class='ocrx_word' id='word_1_8' title='bbox 682 277 714 304; x_wconf 81' lang='lat' dir='ltr'>e.</span> <span class='ocrx_word' id='word_1_9' title='bbox 746 277 784 317; x_wconf 90' lang='lat' dir='ltr'>p.</span> <span class='ocrx_word' id='word_1_10' title='bbox 817 270 914 306; x_wconf 86' lang='lat'>471.</span> <span class='ocrx_word' id='word_1_11' title='bbox 957 263 1004 305; x_wconf 93' lang='lat' dir='ltr'>O.</span> <span class='ocrx_word' id='word_1_12' title='bbox 1036 264 1277 305; x_wconf 83' lang='lat' dir='ltr'>Harnecker</span> <span class='ocrx_word' id='word_1_13' title='bbox 1317 264 1343 304; x_wconf 93' lang='lat' dir='ltr'>l.</span> <span class='ocrx_word' id='word_1_14' title='bbox 1377 276 1408 304; x_wconf 92' lang='lat' dir='ltr'>c.</span> <span class='ocrx_word' id='word_1_15' title='bbox 1441 276 1478 316; x_wconf 92' lang='lat' dir='ltr'>p.</span> <span class='ocrx_word' id='word_1_16' title='bbox 1514 269 1621 316; x_wconf 85' lang='lat' dir='ltr'>7sq.‚</span> <span class='ocrx_word' id='word_1_17' title='bbox 1665 266 1735 317; x_wconf 90' lang='lat' dir='ltr'>qui</span> 
     </span>
     <span class='ocr_line' id='line_1_3' title="bbox 113 333 1734 388; baseline -0.001 -12"><span class='ocrx_word' id='word_1_18' title='bbox 113 336 269 377; x_wconf 83' lang='lat' dir='ltr'>similes</span> <span class='ocrx_word' id='word_1_19' title='bbox 301 337 520 388; x_wconf 88' lang='lat' dir='ltr'>poetarum</span> <span class='ocrx_word' id='word_1_20' title='bbox 544 334 800 375; x_wconf 83' lang='lat' dir='ltr'>Graecorum</span> <span class='ocrx_word' id='word_1_21' title='bbox 830 335 1061 375; x_wconf 89' lang='lat' dir='ltr'>locutiones</span> <span class='ocrx_word' id='word_1_22' title='bbox 1095 334 1197 374; x_wconf 88' lang='lat' dir='ltr'>satis</span> <span class='ocrx_word' id='word_1_23' title='bbox 1229 333 1376 374; x_wconf 87' lang='lat' dir='ltr'>multis</span> <span class='ocrx_word' id='word_1_24' title='bbox 1408 334 1508 375; x_wconf 92' lang='lat' dir='ltr'>locis</span> <span class='ocrx_word' id='word_1_25' title='bbox 1538 334 1734 375; x_wconf 86' lang='lat' dir='ltr'>firmavit.</span> 
     </span>
     <span class='ocr_line' id='line_1_4' title="bbox 110 404 1736 457; baseline 0 -11"><span class='ocrx_word' id='word_1_26' title='bbox 110 405 160 446; x_wconf 89' lang='lat' dir='ltr'>Id</span> <span class='ocrx_word' id='word_1_27' title='bbox 182 407 294 446; x_wconf 86' lang='lat' dir='ltr'>recte</span> <span class='ocrx_word' id='word_1_28' title='bbox 317 405 533 445; x_wconf 81' lang='lat' dir='ltr'>Baehrens</span> <span class='ocrx_word' id='word_1_29' title='bbox 568 416 732 456; x_wconf 86' lang='lat' dir='ltr'>quoque</span> <span class='ocrx_word' id='word_1_30' title='bbox 761 404 987 453; x_wconf 72' lang='lat' dir='ltr'>contendit,</span> <span class='ocrx_word' id='word_1_31' title='bbox 1021 404 1093 444; x_wconf 90' lang='lat' dir='ltr'>sed</span> <span class='ocrx_word' id='word_1_32' title='bbox 1125 416 1217 445; x_wconf 89' lang='lat' dir='ltr'>eam</span> <span class='ocrx_word' id='word_1_33' title='bbox 1239 404 1324 445; x_wconf 86' lang='lat' dir='ltr'>vim</span> <span class='ocrx_word' id='word_1_34' title='bbox 1354 404 1480 445; x_wconf 91' lang='lat' dir='ltr'>nimis</span> <span class='ocrx_word' id='word_1_35' title='bbox 1513 404 1736 457; x_wconf 85' lang='lat' dir='ltr'>detorquet</span> 
     </span>
     <span class='ocr_line' id='line_1_5' title="bbox 112 474 1736 527; baseline -0.001 -11"><span class='ocrx_word' id='word_1_36' title='bbox 112 475 165 517; x_wconf 86' lang='lat' dir='ltr'>ad</span> <span class='ocrx_word' id='word_1_37' title='bbox 206 475 462 527; x_wconf 83' lang='lat' dir='ltr'>singularem</span> <span class='ocrx_word' id='word_1_38' title='bbox 502 474 716 526; x_wconf 88' lang='lat' dir='ltr'>quandam</span> <span class='ocrx_word' id='word_1_39' title='bbox 757 474 1062 527; x_wconf 81' lang='lat' dir='ltr'>oppositionem</span> <span class='ocrx_word' id='word_1_40' title='bbox 1094 486 1235 514; x_wconf 84' lang='lat' dir='ltr'>rerum</span> <span class='ocrx_word' id='word_1_41' title='bbox 1267 474 1376 515; x_wconf 89' lang='lat' dir='ltr'>inter</span> <span class='ocrx_word' id='word_1_42' title='bbox 1409 487 1451 515; x_wconf 90' lang='lat' dir='ltr'>se</span> <span class='ocrx_word' id='word_1_43' title='bbox 1484 475 1736 524; x_wconf 88' lang='lat' dir='ltr'>iunctarum,</span> 
     </span>
     <span class='ocr_line' id='line_1_6' title="bbox 115 544 1736 608; baseline -0.001 -21"><span class='ocrx_word' id='word_1_44' title='bbox 115 546 187 608; x_wconf 71' lang='lat' dir='ltr'>&lt;ad</span> <span class='ocrx_word' id='word_1_45' title='bbox 224 557 353 586; x_wconf 89' lang='lat' dir='ltr'>unam</span> <span class='ocrx_word' id='word_1_46' title='bbox 393 545 569 596; x_wconf 80' lang='lat' dir='ltr'>elegiam</span> <span class='ocrx_word' id='word_1_47' title='bbox 611 544 796 592; x_wconf 85' lang='lat' dir='ltr'>doctam,</span> <span class='ocrx_word' id='word_1_48' title='bbox 845 544 955 596; x_wconf 89' lang='lat' dir='ltr'>quod</span> <span class='ocrx_word' id='word_1_49' title='bbox 990 544 1071 584; x_wconf 90' lang='lat' dir='ltr'>duo</span> <span class='ocrx_word' id='word_1_50' title='bbox 1105 545 1193 585; x_wconf 90' lang='lat' dir='ltr'>eius</span> <span class='ocrx_word' id='word_1_51' title='bbox 1226 544 1381 593; x_wconf 87' lang='lat' dir='ltr'>officia,</span> <span class='ocrx_word' id='word_1_52' title='bbox 1424 547 1464 585; x_wconf 88' lang='lat' dir='ltr'>et</span> <span class='ocrx_word' id='word_1_53' title='bbox 1496 545 1736 586; x_wconf 89' lang='lat' dir='ltr'>consolandi</span> 
     </span>
     <span class='ocr_line' id='line_1_7' title="bbox 111 605 1736 667; baseline -0.001 -10"><span class='ocrx_word' id='word_1_54' title='bbox 111 618 154 657; x_wconf 87' lang='lat' dir='ltr'>et</span> <span class='ocrx_word' id='word_1_55' title='bbox 194 615 336 657; x_wconf 87' lang='lat' dir='ltr'>fabula</span> <span class='ocrx_word' id='word_1_56' title='bbox 369 614 551 667; x_wconf 86' lang='lat' dir='ltr'>quadam</span> <span class='ocrx_word' id='word_1_57' title='bbox 592 615 746 655; x_wconf 87' lang='lat' dir='ltr'>erotica</span> <span class='ocrx_word' id='word_1_58' title='bbox 787 614 1023 655; x_wconf 89' lang='lat' dir='ltr'>oblectandi</span> <span class='ocrx_word' id='word_1_59' title='bbox 1054 605 1291 667; x_wconf 76' lang='lat' dir='ltr'>ponuntur³</span> <span class='ocrx_word' id='word_1_60' title='bbox 1326 627 1363 667; x_wconf 92' lang='lat' dir='ltr'>p.</span> <span class='ocrx_word' id='word_1_61' title='bbox 1396 620 1480 657; x_wconf 91' lang='lat'>494</span> <span class='ocrx_word' id='word_1_62' title='bbox 1495 627 1554 667; x_wconf 90' lang='lat' dir='ltr'>sq.</span> <span class='ocrx_word' id='word_1_63' title='bbox 1602 615 1650 656; x_wconf 89' lang='lat' dir='ltr'>cf.</span> <span class='ocrx_word' id='word_1_64' title='bbox 1684 615 1736 656; x_wconf 88' lang='lat' dir='ltr'>ad</span> 
     </span>
     <span class='ocr_line' id='line_1_8' title="bbox 110 685 1735 744; baseline -0.001 -17"><span class='ocrx_word' id='word_1_65' title='bbox 110 699 147 727; x_wconf 82' lang='lat' dir='ltr'>v.</span> <span class='ocrx_word' id='word_1_66' title='bbox 181 691 247 727; x_wconf 80' lang='lat'>32.</span> <span class='ocrx_word' id='word_1_67' title='bbox 290 690 342 727; x_wconf 86' lang='lat'>33</span> <span class='ocrx_word' id='word_1_68' title='bbox 358 697 418 737; x_wconf 90' lang='lat' dir='ltr'>sq.</span> <span class='ocrx_word' id='word_1_69' title='bbox 463 698 501 738; x_wconf 88' lang='lat' dir='ltr'>p.</span> <span class='ocrx_word' id='word_1_70' title='bbox 545 689 627 726; x_wconf 89' lang='grc'>499</span> <span class='ocrx_word' id='word_1_71' title='bbox 643 697 703 736; x_wconf 90' lang='lat' dir='ltr'>sq.</span> <span class='ocrx_word' id='word_1_72' title='bbox 777 685 994 737; x_wconf 71' lang='lat' dir='ltr'>Intellegit</span> <span class='ocrx_word' id='word_1_73' title='bbox 1040 685 1169 736; x_wconf 87' lang='lat' dir='ltr'>igitur</span> <span class='ocrx_word' id='word_1_74' title='bbox 1219 687 1450 744; x_wconf 71' lang='lat' dir='ltr'>cpoemata,</span> <span class='ocrx_word' id='word_1_75' title='bbox 1497 686 1540 725; x_wconf 91' lang='lat' dir='ltr'>in</span> <span class='ocrx_word' id='word_1_76' title='bbox 1584 686 1735 737; x_wconf 90' lang='lat' dir='ltr'>quibus</span> 
     </span>
     <span class='ocr_line' id='line_1_9' title="bbox 111 754 1737 808; baseline -0.001 -11"><span class='ocrx_word' id='word_1_77' title='bbox 111 756 256 797; x_wconf 88' lang='lat' dir='ltr'>Venus</span> <span class='ocrx_word' id='word_1_78' title='bbox 289 756 532 803; x_wconf 80' lang='lat' dir='ltr'>materiam,</span> <span class='ocrx_word' id='word_1_79' title='bbox 573 755 719 796; x_wconf 84' lang='lat' dir='ltr'>Musae</span> <span class='ocrx_word' id='word_1_80' title='bbox 758 754 935 795; x_wconf 85' lang='lat' dir='ltr'>formam</span> <span class='ocrx_word' id='word_1_81' title='bbox 976 756 1204 807; x_wconf 87' lang='lat' dir='ltr'>limamque</span> <span class='ocrx_word' id='word_1_82' title='bbox 1245 755 1403 795; x_wconf 88' lang='lat' dir='ltr'>cultam</span> <span class='ocrx_word' id='word_1_83' title='bbox 1445 756 1737 808; x_wconf 79' lang='lat' dir='ltr'>suppeditave-</span> 
     </span>
     <span class='ocr_line' id='line_1_10' title="bbox 111 818 1734 879; baseline 0 -12"><span class='ocrx_word' id='word_1_84' title='bbox 111 818 232 867; x_wconf 82' lang='lat' dir='ltr'>runt&#39;</span> <span class='ocrx_word' id='word_1_85' title='bbox 268 839 306 879; x_wconf 90' lang='lat' dir='ltr'>p.</span> <span class='ocrx_word' id='word_1_86' title='bbox 339 831 435 868; x_wconf 86' lang='lat'>494.</span> <span class='ocrx_word' id='word_1_87' title='bbox 501 826 581 866; x_wconf 85' lang='lat' dir='ltr'>Sed</span> <span class='ocrx_word' id='word_1_88' title='bbox 614 828 781 879; x_wconf 90' lang='lat' dir='ltr'>poetam</span> <span class='ocrx_word' id='word_1_89' title='bbox 812 838 893 866; x_wconf 91' lang='lat' dir='ltr'>non</span> <span class='ocrx_word' id='word_1_90' title='bbox 928 826 1016 866; x_wconf 89' lang='lat' dir='ltr'>sine</span> <span class='ocrx_word' id='word_1_91' title='bbox 1050 826 1190 878; x_wconf 87' lang='lat' dir='ltr'>aliqua</span> <span class='ocrx_word' id='word_1_92' title='bbox 1222 838 1349 866; x_wconf 83' lang='lat' dir='ltr'>causa</span> <span class='ocrx_word' id='word_1_93' title='bbox 1381 826 1424 866; x_wconf 91' lang='lat' dir='ltr'>in</span> <span class='ocrx_word' id='word_1_94' title='bbox 1457 838 1502 867; x_wconf 91' lang='lat' dir='ltr'>eo</span> <span class='ocrx_word' id='word_1_95' title='bbox 1535 827 1734 867; x_wconf 89' lang='lat' dir='ltr'>orationis</span> 
     </span>
     <span class='ocr_line' id='line_1_11' title="bbox 109 895 1735 949; baseline 0 -11"><span class='ocrx_word' id='word_1_96' title='bbox 109 897 296 938; x_wconf 90' lang='lat' dir='ltr'>membro</span> <span class='ocrx_word' id='word_1_97' title='bbox 338 897 546 949; x_wconf 81' lang='lat' dir='ltr'>duplicem</span> <span class='ocrx_word' id='word_1_98' title='bbox 588 897 801 937; x_wconf 89' lang='lat' dir='ltr'>notionem</span> <span class='ocrx_word' id='word_1_99' title='bbox 842 895 1083 936; x_wconf 75' lang='lat' dir='ltr'>distinxisse</span> <span class='ocrx_word' id='word_1_100' title='bbox 1124 896 1283 949; x_wconf 86' lang='lat' dir='ltr'>opinari</span> <span class='ocrx_word' id='word_1_101' title='bbox 1325 897 1536 937; x_wconf 88' lang='lat' dir='ltr'>debemus.</span> <span class='ocrx_word' id='word_1_102' title='bbox 1613 897 1735 946; x_wconf 83' lang='lat' dir='ltr'>Nam,</span> 
     </span>
     <span class='ocr_line' id='line_1_12' title="bbox 110 967 1734 1020; baseline 0.001 -13"><span class='ocrx_word' id='word_1_103' title='bbox 110 969 160 1008; x_wconf 91' lang='lat' dir='ltr'>ut</span> <span class='ocrx_word' id='word_1_104' title='bbox 192 967 313 1008; x_wconf 86' lang='lat' dir='ltr'>aliter</span> <span class='ocrx_word' id='word_1_105' title='bbox 346 967 511 1007; x_wconf 91' lang='lat' dir='ltr'>omnino</span> <span class='ocrx_word' id='word_1_106' title='bbox 544 967 634 1007; x_wconf 87' lang='lat' dir='ltr'>fieri</span> <span class='ocrx_word' id='word_1_107' title='bbox 666 979 747 1006; x_wconf 91' lang='lat' dir='ltr'>non</span> <span class='ocrx_word' id='word_1_108' title='bbox 779 967 936 1019; x_wconf 86' lang='lat' dir='ltr'>potuit,</span> <span class='ocrx_word' id='word_1_109' title='bbox 980 979 1075 1006; x_wconf 88' lang='lat' dir='ltr'>cum</span> <span class='ocrx_word' id='word_1_110' title='bbox 1118 967 1318 1007; x_wconf 82' lang='lat' dir='ltr'>scriberet</span> <span class='ocrx_word' id='word_1_111' title='bbox 1358 967 1466 1008; x_wconf 88' lang='lat' dir='ltr'>hanc</span> <span class='ocrx_word' id='word_1_112' title='bbox 1509 968 1734 1020; x_wconf 87' lang='lat' dir='ltr'>epistulam</span> 
     </span>
     <span class='ocr_line' id='line_1_13' title="bbox 111 1037 1734 1091; baseline 0.001 -13"><span class='ocrx_word' id='word_1_113' title='bbox 111 1037 317 1086; x_wconf 87' lang='lat' dir='ltr'>Catullus,</span> <span class='ocrx_word' id='word_1_114' title='bbox 351 1037 495 1078; x_wconf 86' lang='lat' dir='ltr'>statim</span> <span class='ocrx_word' id='word_1_115' title='bbox 528 1038 570 1077; x_wconf 90' lang='lat' dir='ltr'>in</span> <span class='ocrx_word' id='word_1_116' title='bbox 603 1037 720 1077; x_wconf 89' lang='lat' dir='ltr'>initio</span> <span class='ocrx_word' id='word_1_117' title='bbox 753 1037 857 1077; x_wconf 90' lang='lat' dir='ltr'>illud</span> <span class='ocrx_word' id='word_1_118' title='bbox 890 1037 1151 1089; x_wconf 83' lang='lat' dir='ltr'>respiciebat,</span> <span class='ocrx_word' id='word_1_119' title='bbox 1192 1037 1301 1089; x_wconf 90' lang='lat' dir='ltr'>quod</span> <span class='ocrx_word' id='word_1_120' title='bbox 1333 1040 1429 1090; x_wconf 89' lang='lat' dir='ltr'>post</span> <span class='ocrx_word' id='word_1_121' title='bbox 1462 1038 1510 1078; x_wconf 91' lang='lat' dir='ltr'>de</span> <span class='ocrx_word' id='word_1_122' title='bbox 1543 1039 1734 1091; x_wconf 87' lang='lat' dir='ltr'>precibus</span> 
     </span>
     <span class='ocr_line' id='line_1_14' title="bbox 111 1107 1735 1160; baseline 0 -11"><span class='ocrx_word' id='word_1_123' title='bbox 111 1108 232 1149; x_wconf 88' lang='lat' dir='ltr'>amici</span> <span class='ocrx_word' id='word_1_124' title='bbox 273 1108 545 1160; x_wconf 79' lang='lat' dir='ltr'>exsequendis</span> <span class='ocrx_word' id='word_1_125' title='bbox 588 1107 723 1148; x_wconf 86' lang='lat' dir='ltr'>dicere</span> <span class='ocrx_word' id='word_1_126' title='bbox 766 1108 807 1147; x_wconf 88' lang='lat' dir='ltr'>in</span> <span class='ocrx_word' id='word_1_127' title='bbox 851 1108 990 1148; x_wconf 90' lang='lat' dir='ltr'>animo</span> <span class='ocrx_word' id='word_1_128' title='bbox 1033 1107 1226 1148; x_wconf 85' lang='lat' dir='ltr'>habebat.</span> <span class='ocrx_word' id='word_1_129' title='bbox 1288 1108 1343 1147; x_wconf 87' lang='lat' dir='ltr'>Et</span> <span class='ocrx_word' id='word_1_130' title='bbox 1377 1109 1575 1160; x_wconf 85' lang='lat' dir='ltr'>quoniam</span> <span class='ocrx_word' id='word_1_131' title='bbox 1616 1109 1735 1149; x_wconf 89' lang='lat' dir='ltr'>lusus</span> 
     </span>
     <span class='ocr_line' id='line_1_15' title="bbox 108 1178 1736 1232; baseline 0.001 -13"><span class='ocrx_word' id='word_1_132' title='bbox 108 1179 202 1219; x_wconf 85' lang='lat' dir='ltr'>illos</span> <span class='ocrx_word' id='word_1_133' title='bbox 233 1179 392 1231; x_wconf 88' lang='lat' dir='ltr'>primae</span> <span class='ocrx_word' id='word_1_134' title='bbox 426 1178 734 1219; x_wconf 84' lang='lat' dir='ltr'>adulescentiae</span> <span class='ocrx_word' id='word_1_135' title='bbox 767 1179 889 1231; x_wconf 86' lang='lat' dir='ltr'>plane</span> <span class='ocrx_word' id='word_1_136' title='bbox 924 1190 967 1219; x_wconf 87' lang='lat' dir='ltr'>se</span> <span class='ocrx_word' id='word_1_137' title='bbox 1001 1178 1169 1230; x_wconf 84' lang='lat' dir='ltr'>fugasse</span> <span class='ocrx_word' id='word_1_138' title='bbox 1202 1178 1380 1227; x_wconf 89' lang='lat' dir='ltr'>dicebat,</span> <span class='ocrx_word' id='word_1_139' title='bbox 1422 1191 1495 1232; x_wconf 89' lang='lat' dir='ltr'>per</span> <span class='ocrx_word' id='word_1_140' title='bbox 1527 1179 1736 1220; x_wconf 81' lang='lat' dir='ltr'>diversam</span> 
     </span>
     <span class='ocr_line' id='line_1_16' title="bbox 108 1249 1735 1302; baseline 0 -12"><span class='ocrx_word' id='word_1_141' title='bbox 108 1249 218 1290; x_wconf 89' lang='lat' dir='ltr'>hanc</span> <span class='ocrx_word' id='word_1_142' title='bbox 251 1261 377 1301; x_wconf 85' lang='lat' dir='ltr'>quam</span> <span class='ocrx_word' id='word_1_143' title='bbox 407 1249 492 1289; x_wconf 90' lang='lat' dir='ltr'>iam</span> <span class='ocrx_word' id='word_1_144' title='bbox 525 1249 779 1301; x_wconf 87' lang='lat' dir='ltr'>sequebatur</span> <span class='ocrx_word' id='word_1_145' title='bbox 821 1249 957 1302; x_wconf 86' lang='lat' dir='ltr'>poesis</span> <span class='ocrx_word' id='word_1_146' title='bbox 992 1261 1092 1289; x_wconf 87' lang='lat' dir='ltr'>suae</span> <span class='ocrx_word' id='word_1_147' title='bbox 1124 1249 1306 1290; x_wconf 87' lang='lat' dir='ltr'>indolem</span> <span class='ocrx_word' id='word_1_148' title='bbox 1340 1249 1491 1302; x_wconf 79' lang='lat' dir='ltr'>duplex</span> <span class='ocrx_word' id='word_1_149' title='bbox 1525 1249 1735 1302; x_wconf 89' lang='lat' dir='ltr'>quoddam</span> 
     </span>
     <span class='ocr_line' id='line_1_17' title="bbox 111 1319 1736 1373; baseline 0.001 -13"><span class='ocrx_word' id='word_1_150' title='bbox 111 1320 345 1361; x_wconf 89' lang='lat' dir='ltr'>carminum</span> <span class='ocrx_word' id='word_1_151' title='bbox 378 1332 509 1372; x_wconf 86' lang='lat' dir='ltr'>genus</span> <span class='ocrx_word' id='word_1_152' title='bbox 544 1320 632 1372; x_wconf 88' lang='lat' dir='ltr'>ipse</span> <span class='ocrx_word' id='word_1_153' title='bbox 656 1319 956 1371; x_wconf 72' lang='lat' dir='ltr'>distinguebat,</span> <span class='ocrx_word' id='word_1_154' title='bbox 991 1319 1099 1360; x_wconf 87' lang='lat' dir='ltr'>uude</span> <span class='ocrx_word' id='word_1_155' title='bbox 1133 1320 1322 1360; x_wconf 90' lang='lat' dir='ltr'>consulto</span> <span class='ocrx_word' id='word_1_156' title='bbox 1356 1320 1499 1373; x_wconf 85' lang='lat' dir='ltr'>opinor</span> <span class='ocrx_word' id='word_1_157' title='bbox 1530 1320 1573 1360; x_wconf 91' lang='lat' dir='ltr'>in</span> <span class='ocrx_word' id='word_1_158' title='bbox 1603 1321 1736 1373; x_wconf 88' lang='lat' dir='ltr'>preci-</span> 
     </span>
     <span class='ocr_line' id='line_1_18' title="bbox 110 1389 1735 1442; baseline 0 -12"><span class='ocrx_word' id='word_1_159' title='bbox 110 1390 188 1431; x_wconf 90' lang='lat' dir='ltr'>bus</span> <span class='ocrx_word' id='word_1_160' title='bbox 231 1390 352 1431; x_wconf 91' lang='lat' dir='ltr'>amici</span> <span class='ocrx_word' id='word_1_161' title='bbox 393 1390 674 1442; x_wconf 88' lang='lat' dir='ltr'>significandis</span> <span class='ocrx_word' id='word_1_162' title='bbox 717 1392 758 1430; x_wconf 90' lang='lat' dir='ltr'>et</span> <span class='ocrx_word' id='word_1_163' title='bbox 798 1389 1020 1430; x_wconf 84' lang='lat' dir='ltr'>reddendis</span> <span class='ocrx_word' id='word_1_164' title='bbox 1054 1390 1252 1430; x_wconf 86' lang='lat' dir='ltr'>orationis</span> <span class='ocrx_word' id='word_1_165' title='bbox 1295 1390 1412 1430; x_wconf 89' lang='lat' dir='ltr'>illam</span> <span class='ocrx_word' id='word_1_166' title='bbox 1445 1390 1735 1431; x_wconf 81' lang='lat' dir='ltr'>conformatio-</span> 
     </span>
     <span class='ocr_line' id='line_1_19' title="bbox 109 1460 1736 1513; baseline 0 -12"><span class='ocrx_word' id='word_1_167' title='bbox 109 1472 208 1502; x_wconf 88' lang='lat' dir='ltr'>nem</span> <span class='ocrx_word' id='word_1_168' title='bbox 240 1461 404 1513; x_wconf 72' lang='lat' dir='ltr'>delegit,</span> <span class='ocrx_word' id='word_1_169' title='bbox 438 1473 521 1512; x_wconf 88' lang='lat' dir='ltr'>qua</span> <span class='ocrx_word' id='word_1_170' title='bbox 554 1473 624 1501; x_wconf 84' lang='lat' dir='ltr'>eas</span> <span class='ocrx_word' id='word_1_171' title='bbox 656 1463 829 1500; x_wconf 85' lang='lat' dir='ltr'>naturas</span> <span class='ocrx_word' id='word_1_172' title='bbox 863 1461 948 1500; x_wconf 77' lang='lat' dir='ltr'>sive</span> <span class='ocrx_word' id='word_1_173' title='bbox 983 1472 1135 1512; x_wconf 87' lang='lat' dir='ltr'>genera</span> <span class='ocrx_word' id='word_1_174' title='bbox 1159 1461 1424 1512; x_wconf 85' lang='lat' dir='ltr'>aliquatenus</span> <span class='ocrx_word' id='word_1_175' title='bbox 1459 1460 1736 1512; x_wconf 86' lang='lat' dir='ltr'>distingueret</span> 
     </span>
     <span class='ocr_line' id='line_1_20' title="bbox 109 1531 1734 1583; baseline 0.001 -12"><span class='ocrx_word' id='word_1_176' title='bbox 109 1543 185 1572; x_wconf 89' lang='lat' dir='ltr'>nec</span> <span class='ocrx_word' id='word_1_177' title='bbox 226 1534 368 1571; x_wconf 85' lang='lat' dir='ltr'>tamen</span> <span class='ocrx_word' id='word_1_178' title='bbox 411 1543 433 1571; x_wconf 89' lang='lat' dir='ltr'>a</span> <span class='ocrx_word' id='word_1_179' title='bbox 476 1531 678 1583; x_wconf 86' lang='lat' dir='ltr'>principio</span> <span class='ocrx_word' id='word_1_180' title='bbox 713 1531 857 1570; x_wconf 88' lang='lat' dir='ltr'>statim</span> <span class='ocrx_word' id='word_1_181' title='bbox 897 1531 1008 1571; x_wconf 87' lang='lat' dir='ltr'>inter</span> <span class='ocrx_word' id='word_1_182' title='bbox 1051 1543 1092 1571; x_wconf 86' lang='lat' dir='ltr'>se</span> <span class='ocrx_word' id='word_1_183' title='bbox 1127 1531 1263 1571; x_wconf 87' lang='lat' dir='ltr'>acrius</span> <span class='ocrx_word' id='word_1_184' title='bbox 1296 1531 1563 1571; x_wconf 89' lang='lat' dir='ltr'>discerneret.</span> <span class='ocrx_word' id='word_1_185' title='bbox 1625 1531 1734 1572; x_wconf 87' lang='lat' dir='ltr'>Item</span> 
     </span>
     <span class='ocr_line' id='line_1_21' title="bbox 108 1599 1735 1654; baseline 0 -13"><span class='ocrx_word' id='word_1_186' title='bbox 108 1601 308 1642; x_wconf 81' lang='lat' dir='ltr'>iudicavit</span> <span class='ocrx_word' id='word_1_187' title='bbox 338 1601 579 1642; x_wconf 87' lang='lat' dir='ltr'>Harnecker</span> <span class='ocrx_word' id='word_1_188' title='bbox 612 1602 636 1641; x_wconf 90' lang='lat' dir='ltr'>l.</span> <span class='ocrx_word' id='word_1_189' title='bbox 669 1614 700 1641; x_wconf 90' lang='lat' dir='ltr'>c.</span> <span class='ocrx_word' id='word_1_190' title='bbox 734 1603 776 1642; x_wconf 92' lang='lat' dir='ltr'>et</span> <span class='ocrx_word' id='word_1_191' title='bbox 797 1599 851 1641; x_wconf 90' lang='lat' dir='ltr'>N.</span> <span class='ocrx_word' id='word_1_192' title='bbox 875 1600 1027 1642; x_wconf 74' lang='lat' dir='ltr'>Jahrb.</span> <span class='ocrx_word' id='word_1_193' title='bbox 1065 1605 1188 1643; x_wconf 74' lang='lat'>1883.</span> <span class='ocrx_word' id='word_1_194' title='bbox 1225 1608 1319 1642; x_wconf 72' lang='lat'>127.</span> <span class='ocrx_word' id='word_1_195' title='bbox 1352 1615 1389 1654; x_wconf 91' lang='lat' dir='ltr'>p.</span> <span class='ocrx_word' id='word_1_196' title='bbox 1415 1607 1494 1643; x_wconf 83' lang='lat'>267</span> <span class='ocrx_word' id='word_1_197' title='bbox 1511 1602 1546 1641; x_wconf 91' lang='lat'>*.</span> <span class='ocrx_word' id='word_1_198' title='bbox 1600 1601 1735 1642; x_wconf 85' lang='lat' dir='ltr'>Simul</span> 
     </span>
     <span class='ocr_line' id='line_1_22' title="bbox 109 1671 1736 1724; baseline 0 -12"><span class='ocrx_word' id='word_1_199' title='bbox 109 1671 204 1712; x_wconf 90' lang='lat' dir='ltr'>inde</span> <span class='ocrx_word' id='word_1_200' title='bbox 239 1672 444 1712; x_wconf 88' lang='lat' dir='ltr'>deductus</span> <span class='ocrx_word' id='word_1_201' title='bbox 491 1674 555 1712; x_wconf 89' lang='lat' dir='ltr'>est</span> <span class='ocrx_word' id='word_1_202' title='bbox 586 1677 706 1724; x_wconf 84' lang='lat' dir='ltr'>poeta</span> <span class='ocrx_word' id='word_1_203' title='bbox 740 1671 780 1711; x_wconf 89' lang='lat' dir='ltr'>in</span> <span class='ocrx_word' id='word_1_204' title='bbox 813 1671 878 1712; x_wconf 89' lang='lat' dir='ltr'>his</span> <span class='ocrx_word' id='word_1_205' title='bbox 913 1671 1148 1712; x_wconf 86' lang='lat' dir='ltr'>studiorum</span> <span class='ocrx_word' id='word_1_206' title='bbox 1183 1684 1354 1712; x_wconf 87' lang='lat' dir='ltr'>suorum</span> <span class='ocrx_word' id='word_1_207' title='bbox 1387 1671 1631 1712; x_wconf 87' lang='lat' dir='ltr'>differentiis</span> <span class='ocrx_word' id='word_1_208' title='bbox 1663 1684 1736 1712; x_wconf 92' lang='lat' dir='ltr'>no-</span> 
     </span>
     <span class='ocr_line' id='line_1_23' title="bbox 110 1742 1735 1794; baseline 0 -11"><span class='ocrx_word' id='word_1_209' title='bbox 110 1742 251 1783; x_wconf 85' lang='lat' dir='ltr'>tandis</span> <span class='ocrx_word' id='word_1_210' title='bbox 285 1754 350 1791; x_wconf 82' lang='lat' dir='ltr'>eo,</span> <span class='ocrx_word' id='word_1_211' title='bbox 383 1744 431 1783; x_wconf 89' lang='lat' dir='ltr'>ut</span> <span class='ocrx_word' id='word_1_212' title='bbox 464 1755 560 1783; x_wconf 86' lang='lat' dir='ltr'>cum</span> <span class='ocrx_word' id='word_1_213' title='bbox 594 1742 782 1782; x_wconf 79' lang='lat' dir='ltr'>cautione</span> <span class='ocrx_word' id='word_1_214' title='bbox 817 1742 1000 1794; x_wconf 89' lang='lat' dir='ltr'>quadam</span> <span class='ocrx_word' id='word_1_215' title='bbox 1033 1743 1074 1782; x_wconf 92' lang='lat' dir='ltr'>in</span> <span class='ocrx_word' id='word_1_216' title='bbox 1107 1743 1337 1783; x_wconf 86' lang='lat' dir='ltr'>recusando</span> <span class='ocrx_word' id='word_1_217' title='bbox 1372 1745 1585 1783; x_wconf 80' lang='lat' dir='ltr'>externam</span> <span class='ocrx_word' id='word_1_218' title='bbox 1618 1743 1735 1783; x_wconf 89' lang='lat' dir='ltr'>illam</span> 
     </span>
     <span class='ocr_line' id='line_1_24' title="bbox 113 1812 495 1854; baseline -0.005 -1"><span class='ocrx_word' id='word_1_219' title='bbox 113 1824 286 1853; x_wconf 88' lang='lat' dir='ltr'>causam</span> <span class='ocrx_word' id='word_1_220' title='bbox 319 1812 495 1854; x_wconf 85' lang='lat' dir='ltr'>afferret.</span> 
     </span>
    </p>

    <p class='ocr_par' dir='ltr' id='par_1_3' title="bbox 108 1883 1734 2499">
     <span class='ocr_line' id='line_1_25' title="bbox 230 1883 1734 1938; baseline 0.001 -15"><span class='ocrx_word' id='word_1_221' title='bbox 230 1883 342 1924; x_wconf 89' lang='lat' dir='ltr'>Dicit</span> <span class='ocrx_word' id='word_1_222' title='bbox 374 1883 503 1936; x_wconf 86' lang='lat' dir='ltr'>igitur</span> <span class='ocrx_word' id='word_1_223' title='bbox 538 1896 580 1924; x_wconf 90' lang='lat' dir='ltr'>se</span> <span class='ocrx_word' id='word_1_224' title='bbox 615 1884 819 1936; x_wconf 87' lang='lat' dir='ltr'>prohiberi</span> <span class='ocrx_word' id='word_1_225' title='bbox 854 1884 1077 1935; x_wconf 82' lang='lat' dir='ltr'>utriusque</span> <span class='ocrx_word' id='word_1_226' title='bbox 1110 1884 1272 1935; x_wconf 85' lang='lat' dir='ltr'>generis</span> <span class='ocrx_word' id='word_1_227' title='bbox 1307 1884 1493 1924; x_wconf 82' lang='lat' dir='ltr'>carmina</span> <span class='ocrx_word' id='word_1_228' title='bbox 1521 1885 1734 1938; x_wconf 85' lang='lat' dir='ltr'>praebere,</span> 
     </span>
     <span class='ocr_line' id='line_1_26' title="bbox 111 1953 1734 2007; baseline 0.001 -13"><span class='ocrx_word' id='word_1_229' title='bbox 111 1953 184 1994; x_wconf 88' lang='lat' dir='ltr'>sed</span> <span class='ocrx_word' id='word_1_230' title='bbox 217 1954 390 1994; x_wconf 88' lang='lat' dir='ltr'>alterius</span> <span class='ocrx_word' id='word_1_231' title='bbox 421 1956 590 1994; x_wconf 87' lang='lat' dir='ltr'>tantum</span> <span class='ocrx_word' id='word_1_232' title='bbox 623 1954 774 1995; x_wconf 89' lang='lat' dir='ltr'>indolis</span> <span class='ocrx_word' id='word_1_233' title='bbox 807 1954 1019 2007; x_wconf 88' lang='lat' dir='ltr'>specimen</span> <span class='ocrx_word' id='word_1_234' title='bbox 1050 1954 1180 1994; x_wconf 85' lang='lat' dir='ltr'>offert.</span> <span class='ocrx_word' id='word_1_235' title='bbox 1242 1954 1390 1995; x_wconf 86' lang='lat' dir='ltr'>Utitur</span> <span class='ocrx_word' id='word_1_236' title='bbox 1423 1956 1566 1995; x_wconf 85' lang='lat' dir='ltr'>autem</span> <span class='ocrx_word' id='word_1_237' title='bbox 1598 1954 1734 1995; x_wconf 83' lang='lat' dir='ltr'>forma</span> 
     </span>
     <span class='ocr_line' id='line_1_27' title="bbox 109 2017 1734 2085; baseline 0.001 -21"><span class='ocrx_word' id='word_1_238' title='bbox 109 2024 301 2065; x_wconf 90' lang='lat' dir='ltr'>neutrius</span> <span class='ocrx_word' id='word_1_239' title='bbox 335 2025 497 2076; x_wconf 90' lang='lat' dir='ltr'>generis</span> <span class='ocrx_word' id='word_1_240' title='bbox 535 2017 794 2085; x_wconf 46' lang='lat' dir='ltr'>‘utriusque&#39;</span> <span class='ocrx_word' id='word_1_241' title='bbox 831 2025 872 2065; x_wconf 89' lang='lat' dir='ltr'>in</span> <span class='ocrx_word' id='word_1_242' title='bbox 907 2037 940 2064; x_wconf 84' lang='lat' dir='ltr'>v.</span> <span class='ocrx_word' id='word_1_243' title='bbox 961 2029 1014 2065; x_wconf 75' lang='lat'>39</span> <span class='ocrx_word' id='word_1_244' title='bbox 1049 2026 1161 2065; x_wconf 85' lang='lat' dir='ltr'>certo</span> <span class='ocrx_word' id='word_1_245' title='bbox 1191 2025 1356 2065; x_wconf 88' lang='lat' dir='ltr'>nomine</span> <span class='ocrx_word' id='word_1_246' title='bbox 1381 2037 1463 2065; x_wconf 90' lang='lat' dir='ltr'>non</span> <span class='ocrx_word' id='word_1_247' title='bbox 1499 2024 1650 2073; x_wconf 87' lang='lat' dir='ltr'>addito,</span> <span class='ocrx_word' id='word_1_248' title='bbox 1681 2037 1734 2065; x_wconf 92' lang='lat' dir='ltr'>ne</span> 
     </span>
     <span class='ocr_line' id='line_1_28' title="bbox 108 2087 1733 2156; baseline 0 -20"><span class='ocrx_word' id='word_1_249' title='bbox 108 2094 236 2136; x_wconf 89' lang='lat' dir='ltr'>nimis</span> <span class='ocrx_word' id='word_1_250' title='bbox 259 2107 411 2147; x_wconf 86' lang='lat' dir='ltr'>genera</span> <span class='ocrx_word' id='word_1_251' title='bbox 435 2094 669 2147; x_wconf 85' lang='lat' dir='ltr'>distinguat</span> <span class='ocrx_word' id='word_1_252' title='bbox 691 2096 732 2135; x_wconf 87' lang='lat' dir='ltr'>et</span> <span class='ocrx_word' id='word_1_253' title='bbox 755 2096 932 2148; x_wconf 85' lang='lat' dir='ltr'>separet.</span> <span class='ocrx_word' id='word_1_254' title='bbox 975 2097 1033 2136; x_wconf 83' lang='lat' dir='ltr'>Ac</span> <span class='ocrx_word' id='word_1_255' title='bbox 1061 2107 1230 2156; x_wconf 54' lang='lat' dir='ltr'>(munus</span> <span class='ocrx_word' id='word_1_256' title='bbox 1253 2087 1494 2136; x_wconf 78' lang='lat' dir='ltr'>Musarum&#39;</span> <span class='ocrx_word' id='word_1_257' title='bbox 1522 2107 1564 2136; x_wconf 85' lang='lat' dir='ltr'>se</span> <span class='ocrx_word' id='word_1_258' title='bbox 1587 2094 1733 2136; x_wconf 86' lang='lat' dir='ltr'>offerre</span> 
     </span>
     <span class='ocr_line' id='line_1_29' title="bbox 109 2165 1734 2219; baseline 0 -13"><span class='ocrx_word' id='word_1_259' title='bbox 109 2166 197 2219; x_wconf 90' lang='lat' dir='ltr'>ipse</span> <span class='ocrx_word' id='word_1_260' title='bbox 229 2167 438 2206; x_wconf 89' lang='lat' dir='ltr'>monstrat</span> <span class='ocrx_word' id='word_1_261' title='bbox 471 2165 721 2206; x_wconf 86' lang='lat' dir='ltr'>allocutione</span> <span class='ocrx_word' id='word_1_262' title='bbox 763 2166 803 2205; x_wconf 91' lang='lat' dir='ltr'>in</span> <span class='ocrx_word' id='word_1_263' title='bbox 837 2179 873 2205; x_wconf 72' lang='lat' dir='ltr'>v.</span> <span class='ocrx_word' id='word_1_264' title='bbox 907 2170 957 2206; x_wconf 88' lang='lat'>41</span> <span class='ocrx_word' id='word_1_265' title='bbox 998 2165 1047 2206; x_wconf 89' lang='lat' dir='ltr'>ad</span> <span class='ocrx_word' id='word_1_266' title='bbox 1081 2166 1226 2206; x_wconf 86' lang='lat' dir='ltr'>Musas</span> <span class='ocrx_word' id='word_1_267' title='bbox 1267 2165 1378 2206; x_wconf 84' lang='lat' dir='ltr'>facta</span> <span class='ocrx_word' id='word_1_268' title='bbox 1411 2165 1459 2207; x_wconf 88' lang='lat' dir='ltr'>cf.</span> <span class='ocrx_word' id='word_1_269' title='bbox 1492 2165 1556 2206; x_wconf 88' lang='lat' dir='ltr'>Fr.</span> <span class='ocrx_word' id='word_1_270' title='bbox 1592 2165 1734 2206; x_wconf 77' lang='lat' dir='ltr'>Scholl</span> 
     </span>
     <span class='ocr_line' id='line_1_30' title="bbox 108 2235 1734 2297; baseline -0.001 -20"><span class='ocrx_word' id='word_1_271' title='bbox 108 2236 135 2277; x_wconf 92' lang='lat' dir='ltr'>l.</span> <span class='ocrx_word' id='word_1_272' title='bbox 168 2248 200 2277; x_wconf 93' lang='lat' dir='ltr'>c.</span> <span class='ocrx_word' id='word_1_273' title='bbox 241 2249 279 2289; x_wconf 91' lang='lat' dir='ltr'>p.</span> <span class='ocrx_word' id='word_1_274' title='bbox 311 2241 417 2284; x_wconf 88' lang='lat'>471,</span> <span class='ocrx_word' id='word_1_275' title='bbox 453 2242 488 2276; x_wconf 90' lang='lat'>1.</span> <span class='ocrx_word' id='word_1_276' title='bbox 557 2235 800 2297; x_wconf 59' lang='lat' dir='ltr'>(Exspectat</span> <span class='ocrx_word' id='word_1_277' title='bbox 840 2236 969 2288; x_wconf 87' lang='lat' dir='ltr'>igitur</span> <span class='ocrx_word' id='word_1_278' title='bbox 1012 2260 1065 2264; x_wconf 92' lang='lat'>—</span> <span class='ocrx_word' id='word_1_279' title='bbox 1108 2239 1156 2276; x_wconf 90' lang='lat' dir='ltr'>ut</span> <span class='ocrx_word' id='word_1_280' title='bbox 1186 2236 1435 2289; x_wconf 86' lang='lat' dir='ltr'>Kiesslingii</span> <span class='ocrx_word' id='word_1_281' title='bbox 1475 2237 1611 2278; x_wconf 85' lang='lat' dir='ltr'>verbis</span> <span class='ocrx_word' id='word_1_282' title='bbox 1643 2237 1668 2276; x_wconf 91' lang='lat' dir='ltr'>l.</span> <span class='ocrx_word' id='word_1_283' title='bbox 1701 2249 1734 2278; x_wconf 91' lang='lat' dir='ltr'>c.</span> 
     </span>
     <span class='ocr_line' id='line_1_31' title="bbox 109 2306 1733 2359; baseline 0.001 -12"><span class='ocrx_word' id='word_1_284' title='bbox 109 2319 147 2359; x_wconf 92' lang='lat' dir='ltr'>p.</span> <span class='ocrx_word' id='word_1_285' title='bbox 182 2312 234 2348; x_wconf 88' lang='lat'>16</span> <span class='ocrx_word' id='word_1_286' title='bbox 268 2316 364 2346; x_wconf 78' lang='lat' dir='ltr'>utar</span> <span class='ocrx_word' id='word_1_287' title='bbox 397 2330 450 2335; x_wconf 85' lang='lat'>-</span> <span class='ocrx_word' id='word_1_288' title='bbox 484 2306 555 2358; x_wconf 90' lang='lat' dir='ltr'>qui</span> <span class='ocrx_word' id='word_1_289' title='bbox 597 2306 648 2347; x_wconf 87' lang='lat' dir='ltr'>ad</span> <span class='ocrx_word' id='word_1_290' title='bbox 688 2306 791 2347; x_wconf 86' lang='lat' dir='ltr'>haec</span> <span class='ocrx_word' id='word_1_291' title='bbox 833 2307 1062 2347; x_wconf 86' lang='lat' dir='ltr'>attenderit</span> <span class='ocrx_word' id='word_1_292' title='bbox 1101 2307 1287 2348; x_wconf 90' lang='lat' dir='ltr'>animum</span> <span class='ocrx_word' id='word_1_293' title='bbox 1330 2309 1414 2348; x_wconf 88' lang='lat' dir='ltr'>iam</span> <span class='ocrx_word' id='word_1_294' title='bbox 1456 2307 1539 2348; x_wconf 88' lang='lat' dir='ltr'>tale</span> <span class='ocrx_word' id='word_1_295' title='bbox 1577 2319 1733 2348; x_wconf 87' lang='lat' dir='ltr'>munus</span> 
     </span>
     <span class='ocr_line' id='line_1_32' title="bbox 112 2377 1734 2431; baseline 0.001 -14"><span class='ocrx_word' id='word_1_296' title='bbox 112 2377 375 2423; x_wconf 82' lang='lat' dir='ltr'>secuturum,</span> <span class='ocrx_word' id='word_1_297' title='bbox 423 2388 550 2428; x_wconf 89' lang='lat' dir='ltr'>quam</span> <span class='ocrx_word' id='word_1_298' title='bbox 592 2377 945 2430; x_wconf 80' lang='lat' dir='ltr'>exspectationem</span> <span class='ocrx_word' id='word_1_299' title='bbox 992 2378 1026 2418; x_wconf 87' lang='lat' dir='ltr'>ei</span> <span class='ocrx_word' id='word_1_300' title='bbox 1068 2377 1326 2418; x_wconf 87' lang='lat' dir='ltr'>frustrantur</span> <span class='ocrx_word' id='word_1_301' title='bbox 1370 2378 1441 2430; x_wconf 90' lang='lat' dir='ltr'>qui</span> <span class='ocrx_word' id='word_1_302' title='bbox 1481 2378 1570 2431; x_wconf 92' lang='lat' dir='ltr'>ipso</span> <span class='ocrx_word' id='word_1_303' title='bbox 1610 2390 1734 2419; x_wconf 87' lang='lat' dir='ltr'>versu</span> 
     </span>
     <span class='ocr_line' id='line_1_33' title="bbox 111 2439 851 2499; baseline 0.001 -12"><span class='ocrx_word' id='word_1_304' title='bbox 111 2447 433 2499; x_wconf 82' lang='lat' dir='ltr'>quadragesimo</span> <span class='ocrx_word' id='word_1_305' title='bbox 467 2459 635 2488; x_wconf 87' lang='lat' dir='ltr'>carmen</span> <span class='ocrx_word' id='word_1_306' title='bbox 667 2439 851 2488; x_wconf 77' lang='lat' dir='ltr'>finiunt&#39;.</span> 
     </span>
    </p>
   </div>
   <div class='ocr_carea' id='block_1_3' title="bbox 108 2587 1733 2860">
    <p class='ocr_par' dir='ltr' id='par_1_4' title="bbox 108 2587 1733 2860">
     <span class='ocr_line' id='line_1_34' title="bbox 229 2587 321 2627; baseline 0 0"><span class='ocrx_word' id='word_1_307' title='bbox 229 2587 321 2627; x_wconf 87' lang='lat' dir='ltr'>Iam</span> 
     </span>
     <span class='ocr_line' id='line_1_35' title="bbox 467 2656 1386 2711; baseline 0.002 -13"><span class='ocrx_word' id='word_1_308' title='bbox 467 2656 586 2699; x_wconf 78' lang='lat' dir='ltr'>Ultro</span> <span class='ocrx_word' id='word_1_309' title='bbox 618 2671 687 2711; x_wconf 76' lang='lat'>690</span> <span class='ocrx_word' id='word_1_310' title='bbox 719 2658 936 2710; x_wconf 75' lang='lat' dir='ltr'>deferrem,</span> <span class='ocrx_word' id='word_1_311' title='bbox 970 2659 1091 2710; x_wconf 71' lang='lat' dir='ltr'>copi-a</span> <span class='ocrx_word' id='word_1_312' title='bbox 1123 2659 1248 2711; x_wconf 81' lang='lat' dir='ltr'>siqua</span> <span class='ocrx_word' id='word_1_313' title='bbox 1277 2661 1386 2711; x_wconf 72' lang='lat' dir='ltr'>foret</span> 
     </span>
     <span class='ocr_line' id='line_1_36' title="bbox 108 2728 1732 2781; baseline 0.002 -13"><span class='ocrx_word' id='word_1_314' title='bbox 108 2729 233 2781; x_wconf 86' lang='lat' dir='ltr'>poeta</span> <span class='ocrx_word' id='word_1_315' title='bbox 271 2740 396 2769; x_wconf 86' lang='lat' dir='ltr'>versu</span> <span class='ocrx_word' id='word_1_316' title='bbox 427 2732 483 2770; x_wconf 87' lang='lat'>40</span> <span class='ocrx_word' id='word_1_317' title='bbox 524 2728 625 2770; x_wconf 89' lang='lat' dir='ltr'>dicit</span> <span class='ocrx_word' id='word_1_318' title='bbox 665 2729 718 2770; x_wconf 87' lang='lat' dir='ltr'>ad</span> <span class='ocrx_word' id='word_1_319' title='bbox 758 2729 934 2770; x_wconf 85' lang='lat' dir='ltr'>eandem</span> <span class='ocrx_word' id='word_1_320' title='bbox 969 2729 1174 2771; x_wconf 86' lang='lat' dir='ltr'>cautionis</span> <span class='ocrx_word' id='word_1_321' title='bbox 1215 2730 1434 2771; x_wconf 86' lang='lat' dir='ltr'>lenitatem</span> <span class='ocrx_word' id='word_1_322' title='bbox 1481 2730 1644 2772; x_wconf 89' lang='lat' dir='ltr'>rediens</span> <span class='ocrx_word' id='word_1_323' title='bbox 1677 2755 1732 2759; x_wconf 97' lang='lat'><strong>—</strong></span> 
     </span>
     <span class='ocr_line' id='line_1_37' title="bbox 113 2789 1733 2860; baseline 0.002 -22"><span class='ocrx_word' id='word_1_324' title='bbox 113 2789 384 2860; x_wconf 53' lang='lat' dir='ltr'>‘utrumque&#39;</span> <span class='ocrx_word' id='word_1_325' title='bbox 409 2798 540 2840; x_wconf 85' lang='lat' dir='ltr'>videri</span> <span class='ocrx_word' id='word_1_326' title='bbox 563 2799 846 2852; x_wconf 85' lang='lat' dir='ltr'>supplendum</span> <span class='ocrx_word' id='word_1_327' title='bbox 867 2799 1083 2841; x_wconf 89' lang='lat' dir='ltr'>Baehrens</span> <span class='ocrx_word' id='word_1_328' title='bbox 1106 2799 1279 2841; x_wconf 87' lang='lat' dir='ltr'>adnotat</span> <span class='ocrx_word' id='word_1_329' title='bbox 1306 2824 1373 2850; x_wconf 89' lang='lat'>-—-,</span> <span class='ocrx_word' id='word_1_330' title='bbox 1397 2813 1480 2854; x_wconf 85' lang='lat' dir='ltr'>qua</span> <span class='ocrx_word' id='word_1_331' title='bbox 1500 2801 1586 2842; x_wconf 87' lang='lat' dir='ltr'>iam</span> <span class='ocrx_word' id='word_1_332' title='bbox 1607 2802 1733 2842; x_wconf 84' lang='lat' dir='ltr'>antea</span> 
     </span>
    </p>
   </div>
  </div>
 </body>
</html>
