2013 3223
988 149 1194 207 &30ss

289 293 368 333 que
409 281 554 320 nostra
598 279 766 318 tantum
805 277 846 315 et
888 285 993 325 quae
1039 271 1089 312 ad
1129 272 1318 312 nostram
1351 270 1603 311 sententiam
1635 270 1903 312 obtinendam

285 350 522 392 necessaria
554 348 772 389 videantur
803 344 870 384 hic
903 342 1135 383 afferemus.

408 420 539 461 Stella
574 416 811 470 vespertina
843 413 1036 465 effulget,
1068 414 1160 453 tum
1193 424 1302 452 unus
1336 424 1356 452 e
1388 411 1607 452 iuvenibus
1641 412 1791 461 socios,
1833 412 1904 464 qui

288 505 384 533 cum
424 488 686 542 impatientia
736 485 939 538 quadam,
982 495 1108 536 quam
1149 483 1363 524 cumulata
1394 483 1520 523 verba
1567 485 1781 534 expectata
1827 483 1905 524 diu

286 562 360 603 vix
398 560 564 600 tandem
616 557 718 598 satis
758 555 961 609 produnt,
1011 554 1099 595 eius
1143 555 1281 594 ortum
1315 553 1513 594 acerrime
1548 554 1905 606 exspectaverunt,

287 634 336 673 ut
376 630 630 681 consurgant
674 627 869 668 hortatur
911 626 953 665 in
985 638 1021 664 v.
1057 631 1075 665 1
1113 626 1155 665 et
1189 629 1224 664 2.
1287 624 1408 665 Unde
1441 625 1694 676 consurgant
1733 624 1774 664 et
1807 623 1905 676 quid

289 703 428 754 agant,
460 699 655 753 proximis
688 698 849 738 duobus
881 696 1071 737 versibus
1105 694 1365 741 declaratum
1411 706 1510 734 nam
1551 706 1720 747 prorsus
1760 694 1906 735 eodem

287 772 408 813 modo
441 783 517 810 nec
555 771 699 810 tamen
742 781 816 821 per
848 768 1018 808 iuvenes
1051 766 1283 806 commotae
1317 789 1370 794 -—
1403 765 1464 804 ita
1496 765 1605 805 enim
1637 777 1726 806 rem
1759 777 1801 806 se
1833 765 1906 806 ha-

288 844 382 883 bere
417 840 634 894 apparebit
667 864 720 867 d
754 850 839 879 una
874 850 922 879 ex
953 836 1140 890 innuptis
1174 835 1274 876 dicit
1306 835 1358 876 ad
1392 835 1547 875 amicas
1581 846 1678 875 suas
1711 847 1910 876 conversa

288 913 330 953 in
362 926 398 953 v.
432 917 455 953 3
490 913 532 952 et
563 916 612 951 4:

842 978 1021 1031 Sumere
1052 978 1141 1019 iam
1172 980 1343 1029 tempus,

291 1066 314 1095 a
344 1053 501 1094 mensis
534 1053 559 1092 i.
592 1064 625 1093 e.
657 1051 957 1104 tempestivum
991 1051 1075 1098 est,
1118 1050 1215 1101 quia
1259 1049 1359 1089 satis
1404 1048 1475 1089 diu
1508 1048 1693 1090 sedimus
1727 1073 1780 1079 -—
1812 1061 1911 1091 nam

290 1125 330 1165 id
364 1124 587 1177 significari
609 1122 717 1163 infra
750 1121 947 1174 exemplis
971 1120 1185 1161 docebitur
1207 1135 1286 1167 -ς
1321 1120 1465 1160 statim
1488 1120 1599 1160 enim
1631 1120 1767 1173 pergit
1797 1121 1879 1161 ita:

903 1191 991 1231 iam
1015 1191 1199 1243 pinques
1231 1190 1421 1242 linquere
1451 1203 1628 1240 mensas,

572 1263 669 1303 Iam
700 1262 834 1304 venriet
864 1262 992 1313 viryo,
1025 1261 1113 1301 iam
1146 1261 1306 1301 dicetur
1336 1260 1620 1312 Hymenaeus.

290 1336 472 1388 Tempus
505 1335 633 1387 igitur
664 1333 951 1387 vespertinum
984 1331 1255 1384 significatur,
1286 1330 1496 1372 indicatur
1528 1343 1618 1371 mos
1653 1331 1775 1384 epuli,
1806 1344 1912 1372 nun-

290 1407 423 1447 tiatur
456 1406 722 1458 exspectatus
755 1416 886 1444 novae
919 1404 1076 1456 nuptae
1110 1402 1328 1443 adventus.
1371 1401 1532 1454 Nempe
1564 1402 1629 1442 his
1663 1402 1913 1443 exhortatio-

290 1478 426 1526 nibus,
450 1489 473 1517 a
496 1476 648 1528 quibus
673 1475 868 1516 carminis
893 1474 1061 1514 initium
1085 1473 1279 1521 sumitur,
1301 1473 1667 1525 interrumpuntur
1689 1485 1916 1523 sermones,

293 1560 395 1601 quos
428 1548 599 1588 iuvenes
631 1547 741 1586 inter
774 1557 817 1586 se
851 1546 893 1585 et
924 1544 1091 1597 puellae
1124 1544 1206 1584 huo
1237 1555 1371 1595 usque
1402 1542 1699 1596 produxerunt.

408 1618 586 1659 Iuvenes
620 1618 763 1657 autem
795 1628 815 1656 e
848 1615 990 1655 mariti
1032 1614 1170 1655 animo
1204 1614 1370 1661 dicunt;
1418 1615 1562 1654 contra
1593 1614 1728 1666 virgo,
1770 1615 1818 1654 ut
1849 1616 1914 1655 est

291 1690 638 1737 consentaneum,
681 1700 705 1727 a
736 1686 888 1740 puellis
920 1685 1140 1726 indicatur.
1202 1685 1396 1737 Uterque
1428 1685 1558 1737 igitur
1590 1685 1740 1725 chorus
1772 1686 1912 1738 partes

293 1773 390 1801 suas
423 1761 483 1800 ita
515 1759 707 1807 sustinet,
739 1759 788 1798 ut
819 1757 983 1810 puellae
1017 1759 1058 1797 et
1079 1757 1251 1796 iuvenes
1288 1767 1336 1796 ex
1359 1767 1490 1807 aequo
1524 1756 1566 1795 et
1596 1755 1687 1808 pari
1718 1742 1807 1796 iure
1831 1755 1914 1796 sin-

292 1832 391 1884 gula
424 1831 552 1871 totius
587 1829 773 1878 actionis,
807 1828 873 1869 cui
905 1827 1074 1879 utrique
1097 1826 1298 1867 destinati
1331 1827 1442 1875 sunt,
1473 1827 1688 1866 momenta
1720 1825 1914 1876 efficiant,

293 1902 442 1954 quibus
477 1902 519 1941 in
551 1900 742 1954 partibus
775 1897 1072 1939 distribuendis
1105 1898 1196 1950 ipsa
1229 1909 1295 1937 ars
1329 1897 1473 1949 poetae
1507 1896 1702 1937 cernitur.

409 1971 595 2013 Actionis
629 1971 771 2011 autem
803 1970 970 2009 initium
1002 1968 1103 2009 facit
1134 1970 1314 2020 uterque
1347 1967 1497 2008 chorus
1535 1979 1609 2019 per
1640 1967 1914 2020 interpretem

293 2056 418 2084 suum
452 2055 527 2083 sua
560 2043 706 2095 sponte
740 2041 870 2081 altero
902 2052 984 2080 non
1016 2040 1228 2091 respecto,
1271 2039 1319 2077 ut
1351 2039 1562 2078 certamen
1593 2049 1667 2090 per
1699 2049 1742 2077 se
1774 2037 1920 2090 ipsum

292 2114 377 2155 fere
399 2125 575 2154 nascens
599 2114 641 2153 et
664 2123 902 2152 accrescens
936 2110 1227 2162 conspiciatur,
1259 2122 1341 2149 non
1372 2109 1456 2148 iam
1489 2108 1540 2148 ab
1572 2107 1688 2148 initio
1721 2108 1920 2148 omnibus

292 2185 481 2238 partibus
506 2183 641 2224 aliena
664 2194 788 2235 opera
812 2181 1084 2234 dispositum;
1117 2193 1216 2220 nam
1238 2180 1281 2219 in
1303 2191 1427 2220 versu
1461 2184 1484 2220 3
1514 2179 1715 2231 innuptae
1739 2178 1921 2219 alterius*

293 2256 492 2296 iuvenum
524 2254 764 2306 interpretis
797 2252 924 2293 verba
956 2264 1038 2291 non
1072 2251 1269 2292 exaudita
1300 2262 1382 2290 non
1423 2249 1671 2302 respiciunt;
1711 2249 1789 2289 hoc
1820 2250 1924 2289 tan--

294 2327 386 2366 tum
417 2326 464 2365 fit
495 2326 641 2378 poetae
675 2325 763 2364 arte
787 2323 942 2371 subtili,
976 2322 1047 2374 qui
1069 2321 1259 2375 personis
1283 2333 1381 2361 suas
1410 2322 1552 2373 partes
1576 2320 1764 2360 consulto
1787 2319 1911 2368 dedit,

297 2396 368 2437 sed
386 2408 467 2436 non
485 2396 545 2435 ita
559 2395 751 2443 violente,
774 2395 823 2434 ut
841 2393 1060 2434 consilium
1077 2392 1181 2432 illud
1198 2392 1373 2432 moleste
1392 2391 1630 2432 sentiretur.
1669 2389 1911 2432 Communis

297 2468 439 2507 autem
460 2468 524 2506 est
540 2478 686 2506 versus
704 2464 966 2505 intercalaris
989 2463 1180 2515 utrisque
1204 2463 1247 2502 in
1270 2462 1334 2502 his
1358 2463 1399 2502 et
1422 2461 1693 2513 sequentibus
1717 2460 1922 2513 strophis,

297 2548 403 2589 quae
427 2538 640 2577 certamen
672 2536 812 2589 ipsum
845 2534 1111 2583 antecedunt,
1144 2535 1185 2574 et
1218 2533 1268 2573 ab
1301 2532 1492 2584 utrisque
1525 2532 1731 2572 cantatur.

414 2676 620 2717 Notabilis
669 2678 733 2716 est
788 2677 831 2716 in
887 2676 965 2717 hac
1012 2675 1282 2728 dispositione
1339 2673 1571 2714 differentia
1616 2671 1910 2712 vocabulorum

302 2738 588 2809 ‘consurgere'
634 2748 675 2787 et
711 2738 937 2808 tsurgere',
971 2746 1020 2787 de
1065 2758 1147 2798 qua
1181 2757 1306 2798 supra
1338 2757 1375 2797 p.
1410 2749 1462 2785 26
1476 2756 1535 2795 sq.
1575 2741 1909 2794 significavimus.

297 2819 505 2858 Accurata
538 2828 634 2857 vero
666 2817 886 2857 notionum
918 2817 1138 2869 utriusque
1170 2815 1284 2856 verbi
1317 2816 1358 2855 et
1390 2813 1588 2866 simplicis
1621 2814 1663 2854 et
1694 2811 1919 2865 compositi
