2013 3223
1020 102 1102 137 144

248 227 439 280 genetivo
472 227 671 279 iungitur.
730 225 811 266 Sed
845 237 891 264 ea
925 226 1140 265 structura
1173 224 1419 276 graecanica
1452 237 1476 265 a
1506 224 1663 267 Catulli
1695 226 1873 268 dictione

252 298 418 338 omnino
453 297 708 338 alienissima
746 294 921 335 iudicari
953 294 1087 335 debet.
1148 294 1260 334 Nam
1301 296 1588 336 accusativum
1634 288 1871 358 ‘graecum'

250 380 374 420 quem
408 369 557 408 vocant
598 378 619 406 a
653 365 820 407 Catullo
863 367 905 405 et
946 365 1108 405 Tibullo
1149 365 1384 405 adhibitum
1424 378 1523 407 vere
1564 367 1745 408 latinum
1786 379 1876 409 esse

248 450 361 478 nune
393 439 562 477 tantum
603 448 762 476 moneo.
826 434 1095 488 Quamquam
1133 435 1174 475 id
1215 435 1413 487 loquendi
1454 449 1586 489 genus
1620 436 1877 479 Graecorum

250 508 483 548 imitatione
517 507 789 547 vehementer
821 507 994 547 auctum
1027 507 1068 547 et
1100 495 1309 546 variatum
1343 519 1433 547 esse
1467 508 1518 548 ab
1556 508 1647 548 aliis
1689 508 1878 550 concedo.

249 579 358 619 Item
390 577 595 618 iudicasse
620 576 916 618 Schaeflerum
939 577 981 616 in
1015 576 1309 617 dissertatione
1344 589 1443 617 sua:
1478 576 1563 618 Die
1594 581 1880 630 soyenannten

249 647 559 700 syntaktisohen
584 646 856 688 Graecismen
879 646 943 687 bez·
976 646 1055 686 den
1077 645 1394 698 auqusteischen
1411 645 1630 689 Diclztern.
1663 648 1881 690 M'imchen

253 724 364 761 1884
399 731 489 759 sero
524 718 699 770 cognovi
731 730 779 758 ex
812 717 979 758 Hoerlei
1013 717 1176 758 dissert.
1238 717 1333 757 Hal.
1370 723 1479 759 1887
1515 718 1576 759 ed.
1608 732 1646 772 p.
1682 724 1747 760 24.

369 789 595 829 Praeterea
631 780 693 850 ‘o'
729 788 771 828 in
805 788 1106 829 exclamatione
1149 800 1311 841 semper
1354 800 1376 828 a
1421 787 1588 830 Catullo
1629 802 1725 830 011111
1762 803 1883 831 3000-

252 861 385 901 sativo
419 859 689 912 coniungitur
722 858 770 900 01.
802 859 1049 900 Baehrensii
1082 860 1303 899 comment.
1336 859 1387 899 ad
1420 858 1485 899 ΙΠ
1522 865 1570 901 16
1605 873 1643 913 p.
1677 865 1743 902 85.
1791 861 1883 902 Hac

251 931 384 983 igitur
415 930 579 971 ratione
613 930 757 979 eoacti,
790 929 938 970 deinde
973 930 1071 982 quia
1103 942 1305 970 numerus
1337 930 1513 983 pluralis
1558 932 1715 993 cnuntii
1747 924 1878 972 beati‘

255 1004 303 1042 (10
337 1013 419 1042 uno
452 1001 599 1041 nuntio
634 1000 770 1041 dietus
804 1000 1028 1049 videretur,
1061 1001 1276 1041 Baehrens
1300 1002 1341 1041 et
1363 1001 1486 1042 Riese
1518 1001 1796 1054 confugerunt
1831 1002 1884 1043 ad

253 1072 371 1112 illam
405 1071 585 1124 genetivi
618 1071 1021 1124 interpretationem,
1055 1083 1183 1123 quam
1215 1071 1533 1124 improbandam
1567 1084 1656 1114 esse
1691 1072 1883 1114 diximus.

373 1142 453 1183 Sed
494 1143 559 1183 his
601 1135 960 1195 interpretationis
1010 1142 1334 1182 necessitatibus
1383 1143 1513 1183 oratio
1563 1143 1767 1184 liberatur
1806 1144 1884 1185 1100

251 1213 374 1254 modo
407 1213 625 1254 distincta:

718 1281 881 1322 Venisti
914 1295 934 1322 o
966 1281 1083 1331 mihi,
1116 1282 1260 1323 nuntii
1292 1282 1424 1323 beati!

253 1354 332 1396 Est
365 1354 495 1406 igitur
531 1346 592 1416 co'
630 1353 771 1406 gaudii
804 1353 1064 1402 exclamatio,
1096 1355 1144 1393 ut
1176 1354 1278 1394 item
1314 1345 1379 1416 ‘o'
1416 1354 1638 1395 adhibetur
1669 1355 1770 1395 XXI
1805 1361 1853 1396 7:

687 1423 720 1465 Ο
743 1423 848 1475 quid
878 1423 1027 1464 solutis
1058 1426 1116 1464 est
1147 1423 1311 1464 beatius
1342 1424 1458 1465 curis

256 1495 306 1537 01.
341 1495 459 1537 Ο1·1(1.
491 1497 591 1536 met.
623 1494 667 1535 Π
698 1500 782 1536 424
816 1497 916 1535 sunt
947 1507 969 1534 0
1000 1497 1099 1534 sum
1130 1495 1276 1547 iem-yia
1308 1495 1438 1544 tanti,
1472 1496 1543 1537 ubi
1575 1508 1657 1537 non
1701 1496 1886 1549 gauden-

254 1567 309 1607 tis
359 1568 422 1607 est
470 1578 518 1607 ea
561 1566 828 1614 exclamatio,
877 1565 948 1606 sed
996 1565 1275 1618 despicientis.
1347 1565 1463 1616 Quae
1512 1567 1618 1619 apud
1669 1567 1886 1608 Catullum

256 1637 471 1691 aptissime
504 1638 606 1678 item
628 1637 828 1677 inseritur
860 1637 969 1677 inter
1001 1637 1176 1677 verbum
1210 1638 1251 1677 et
1284 1636 1473 1677 dativum
1502 1637 1634 1685 illum,
1669 1637 1886 1690 011131100-

256 1710 349 1748 tum
395 1720 441 1748 ex
490 1707 651 1749 actione
702 1708 826 1749 alicui
875 1708 1104 1749 excitatum
1152 1707 1371 1760 significat.
1440 1707 1527 1748 Nee
1586 1708 1761 1761 pluralis
1810 1721 1887 1750 sua

255 1779 421 1820 notione
455 1780 580 1827 03101,
612 1791 711 1819 nam
746 1770 930 1840 ‘nuntii’
967 1780 1172 1819 venerunt
1206 1778 1256 1819 ad
1288 1778 1439 1819 fratres
1470 1791 1681 1831 anumque
1705 1780 1886 1821 matrem

258 1852 299 1891 et
333 1849 383 1890 ad
415 1850 554 1902 ipsum
588 1849 816 1890 Catullum.

375 1991 452 2032 ΙΠ.
500 1991 658 2044 Hymni
690 1992 732 2031 in
765 1991 947 2032 Dianam
979 1990 1079 2031 facti
1112 2004 1144 2031 c.
1176 1991 1357 2031 XXXIV
1391 2004 1426 2031 v.
1464 1996 1514 2032 15
1550 1993 1591 2032 et
1626 1996 1677 2032 16
1701 1991 1743 2032 111
1766 1993 1885 2032 sunt:

720 2061 786 2101 Tu
814 2064 958 2113 potens
997 2061 1147 2101 Trivia
1180 2063 1217 2101 et
1247 2060 1368 2101 notho
1401 2060 1431 2101 ’s

773 2131 905 2173 Dicta
939 2131 1096 2172 lumine
1129 2131 1269 2172 Luna.

260 2204 492 2245 Verissime
542 2204 793 2245 vocabulum
844 2194 997 2265 ‘dieta'
1047 2203 1207 2256 primus
1248 2203 1464 2243 Baehrens
1512 2204 1756 2256 corruptum
1796 2215 1886 2244 esse

261 2275 498 2328 suspicatus
533 2277 608 2315 est.
659 2274 826 2331 tNeque
862 2274 973 2314 enim
1006 2274 1107 2314 satis
1141 2286 1325 2325 congrua
1346 2273 1543 2314 videntur
1565 2273 1692 2314 haece
1725 2273 1884 2322 „notho

260 2346 418 2386 lumine
451 2346 570 2385 Luna
604 2358 646 2386 es
681 2345 839 2394 dicta“‚
872 2344 1080 2397 siquidem
1102 2343 1238 2384 Diana
1260 2343 1380 2384 Luna
1403 2343 1522 2383 audit
1552 2345 1698 2397 utpote
1728 2344 1886 2393 lucens,

260 2429 343 2456 non
376 2417 426 2457 ab
459 2416 618 2457 lumine
652 2416 816 2469 spurio;
850 2416 892 2455 in
927 2427 1053 2467 quam
1084 2415 1298 2455 notionem
1337 2427 1433 2455 cum
1474 2414 1607 2455 omnis
1649 2415 1709 2455 vis
1754 2414 1888 2464 eadat,

261 2487 355 2527 laus
378 2488 468 2527 tota
504 2487 715 2527 evanescit
746 2478 971 2540 peritque'.
1027 2485 1108 2527 Sed
1142 2485 1250 2538 quod
1273 2485 1360 2538 ipse
1384 2497 1582 2538 reponere
1606 2486 1697 2526 vult
1721 2476 1888 2547 (clarass

262 2557 303 2598 id
335 2570 416 2597 non
451 2557 577 2598 efficit
599 2558 707 2598 hanc
740 2557 1054 2610 oppositionem,
1088 2568 1214 2609 quam
1246 2557 1358 2596 recte
1383 2556 1571 2607 quaerit:
1608 2567 1889 2617 tquamquam

263 2628 402 2680 ignem
436 2640 459 2668 a
491 2627 618 2668 fratre
653 2640 695 2669 es
728 2629 943 2677 mutuata,
976 2628 1060 2668 late
1102 2627 1246 2667 lucens
1278 2628 1398 2667 noete
1440 2638 1483 2667 es
1525 2617 1680 2667 sidus'.
1741 2626 1888 2678 Neque

263 2710 359 2739 vero
402 2698 568 2739 dubitat
611 2698 804 2740 Catullus
847 2698 991 2739 Lunae
1031 2699 1174 2738 lumen
1223 2689 1436 2759 tnothum’
1479 2708 1625 2737 vocare
1668 2720 1722 2726 —
1770 2696 1888 2737 cuius

264 2769 454 2809 vocabuli
488 2769 536 2809 de
569 2770 734 2810 notione
768 2768 817 2810 01.
850 2768 1000 2809 Baehr.
1033 2781 1180 2809 eornm.
1214 2792 1280 2816 —‚
1314 2767 1422 2820 quod
1455 2767 1566 2808 idem
1596 2779 1669 2820 pro
1702 2767 1815 2807 certa
1844 2778 1888 2807 re
