2013 3223
863 157 993 214 41WU

89 281 175 322 die
205 280 409 329 rothen,
442 280 580 320 daun
601 279 684 320 die
714 278 964 320 violetten
991 278 1151 327 Time,
1185 277 1247 318 bis
1268 277 1391 318 Licht
1418 277 1509 317 und
1525 275 1696 317 Farben

89 349 312 400 erloschen,
356 362 435 390 aus
475 350 548 391 der
585 352 748 402 yrunen
789 348 1077 390 Wiesendeclce
1118 348 1186 388 ein
1226 346 1392 388 leichter
1431 346 1561 387 Nebel
1594 346 1696 398 stiey

88 421 178 461 und
209 420 276 461 die
297 419 457 461 Limen
484 419 653 472 yemack
673 419 733 459 im
755 418 961 460 demer
991 418 1320 459 verschwanden.
1362 417 1550 458 Eandem
1571 417 1695 457 huius

91 503 212 532 casus
243 491 455 531 notionem
486 489 594 530 infra
625 490 820 542 usurpari
852 490 987 530 iudico
1019 489 1062 529 in
1094 489 1282 529 versibus
1317 493 1370 529 20
1404 490 1446 528 et
1479 493 1556 528 26:

370 559 567 610 Hespero,
599 559 694 611 quis
725 558 837 600 caelo
866 559 1002 610 fertur
1033 557 1242 599 crudelior
1276 556 1416 609 iynis?

91 632 133 671 et

369 699 567 751 Hespere,
600 699 695 751 quis
725 698 835 740 caelo
870 698 975 739 lueet
1004 698 1223 739 iocundior
1253 697 1397 750 iynis?

89 771 115 811 i.
138 783 170 811 e.
191 782 264 824 per
286 771 447 811 caelum
468 771 657 810 movetur
689 770 753 810 vel
785 770 906 810 lucet.
947 769 1094 822 Ipsum
1127 769 1237 809 enim
1268 780 1493 821 pronomen
1525 767 1699 807 interro-

94 841 281 893 gativum
327 840 423 892 quis
469 840 735 892 subintellegi
782 840 897 880 iubet
946 839 1261 880 multitudinem
1309 839 1546 887 stellarum,
1594 848 1698 889 quae

89 903 249 971 4cae10'
293 910 486 952 feruntur
527 911 611 951 sive
652 911 793 951 lucent
839 910 863 950 i.
897 922 929 950 e.
971 922 1044 962 per
1076 909 1238 950 caelum
1271 909 1355 949 sive
1387 910 1474 949 toto
1508 908 1618 948 caelo
1651 906 1700 948 cf.

95 980 211 1022 Ovid.
242 982 341 1021 met.
372 980 415 1021 II
448 986 529 1022 206
546 993 628 1032 sq.:

325 1049 384 1090 Et
413 1049 530 1090 modo
560 1061 724 1089 summa
746 1052 909 1100 petunt,
940 1049 1057 1090 modo
1079 1062 1161 1100 per
1192 1048 1342 1089 declive
1373 1048 1546 1100 viasque

324 1119 584 1170 Praecipites
616 1119 753 1170 spatio
785 1122 922 1159 terrae
949 1119 1148 1170 propiore
1179 1118 1390 1170 feruntur,

90 1190 169 1231 XV
206 1195 311 1232 176:

326 1259 387 1301 Et
418 1260 617 1312 quoniam
648 1273 797 1312 magno
827 1261 940 1311 seror
972 1272 1148 1312 aequore
1172 1259 1382 1311 plenaque
1413 1259 1546 1299 ventis

338 1329 442 1371 Vela
472 1330 578 1380 dedi,

91 1401 216 1454 Verg.
247 1403 348 1442 Aen.
379 1401 439 1442 IX
473 1406 578 1443 664:

325 1470 368 1511 It
399 1470 553 1511 clamor
583 1471 677 1511 totis
703 1484 782 1522 per
810 1470 1131 1522 propuynacula
1160 1470 1305 1519 muris,

93 1540 154 1582 VI
188 1547 292 1583 603:

683 1610 818 1652 lucent
846 1610 1083 1663 yemalibus
1114 1610 1213 1651 altis

327 1681 476 1722 Aurea
507 1680 648 1733 fulera
679 1682 791 1731 toris,

94 1752 186 1801 ubi,
232 1753 281 1792 ut
321 1752 446 1792 verba
493 1751 662 1792 afferam
696 1752 809 1792 scioli
842 1752 1059 1792 cuiusdam
1092 1751 1409 1804 grammatistae
1452 1763 1499 1790 ex
1531 1761 1703 1790 numero

98 1834 253 1870 eorum,
287 1822 357 1873 qui
393 1822 523 1881 tprius
555 1821 742 1862 iudicant
775 1833 902 1873 quam
934 1813 1221 1873 intellegunt'.
1254 1823 1465 1873 exspectes
1501 1820 1703 1881 (geniales

97 1892 176 1933 tori
223 1892 364 1932 lucent
411 1891 546 1932 aureis
594 1885 772 1932 fulcris'.
838 1886 1043 1952 ‘Proprie'
1096 1891 1293 1931 nimirum
1331 1891 1439 1930 hanc
1479 1890 1543 1930 vel
1587 1890 1703 1930 illam

96 1964 354 2003 structuram
395 1961 671 2002 adhibendam
712 1961 840 2002 fuisse
882 1962 968 2002 loce
1010 1962 1098 2002 eius
1142 1973 1246 2013 quae
1295 1973 1436 2001 revera
1484 1960 1704 2000 adhibetur

98 2033 169 2085 qui
201 2032 334 2073 dicere
367 2032 512 2081 solent,
544 2032 669 2072 iidem
701 2035 844 2072 tamen
875 2033 1123 2085 plerumque
1147 2045 1228 2072 non
1252 2032 1485 2084 explanant,
1519 2043 1624 2082 quae
1652 2030 1705 2070 sit

100 2094 303 2164 ‘propria'
340 2103 400 2142 vis
423 2105 650 2155 usurpatae
684 2105 933 2143 structurae.
996 2102 1088 2152 Qua
1120 2103 1161 2142 in
1201 2115 1242 2143 re
1277 2114 1323 2142 ea
1355 2102 1584 2154 proprietas
1611 2113 1705 2141 con-

97 2173 230 2222 sistat,
263 2185 389 2226 supra
420 2173 717 2220 indicavimus;
752 2174 821 2214 ubi
854 2174 964 2214 enim
986 2174 1102 2213 nulla
1134 2172 1352 2213 intercedit
1383 2172 1562 2212 notionis
1595 2183 1705 2212 com-

96 2244 236 2284 munio
269 2244 354 2284 sive
388 2243 568 2284 affinitas
600 2244 709 2284 inter
740 2244 913 2284 verbum
946 2246 987 2284 et
1018 2255 1188 2289 nomen,
1229 2243 1283 2283 ibi
1315 2243 1456 2282 nullus
1498 2244 1562 2282 est
1594 2242 1706 2282 abla-

95 2314 208 2355 tivus
243 2305 547 2375 ‘instrumenti'
593 2315 762 2366 eiusque
804 2314 932 2354 totius
973 2314 1156 2365 generis,
1204 2313 1312 2365 quod
1346 2313 1396 2353 ab
1436 2312 1704 2353 instrumenti

96 2398 246 2438 genere
276 2388 425 2426 natum
457 2385 508 2426 ad
540 2386 677 2426 locum
710 2385 794 2426 sive
828 2385 1011 2438 spatium
1044 2384 1211 2436 aliquod
1242 2383 1434 2436 pertinet.

216 2455 423 2506 Quoniam
454 2456 582 2508 igitur
613 2456 680 2496 hic
713 2454 916 2508 Olympus
949 2467 1087 2502 mons,
1127 2467 1210 2495 non
1243 2455 1404 2495 caelum
1436 2453 1705 2504 intellegitur,

95 2527 198 2568 item
235 2525 376 2567 Oetaei
415 2526 531 2578 ignes
568 2526 612 2567 in
642 2539 679 2567 v.
713 2532 757 2574 7,
805 2538 931 2578 quam
979 2526 1198 2566 lectionem
1238 2525 1336 2565 Itali
1376 2524 1653 2565 restituerunt
1684 2535 1705 2564 e

96 2597 254 2638 vitiosis
304 2597 504 2638 librorum
555 2596 790 2649 scripturis,
837 2597 946 2637 sicut
991 2596 1033 2635 in
1074 2596 1188 2636 libris
1231 2595 1474 2635 Tibullianis
1506 2594 1527 2633 I
1563 2600 1605 2641 1,
1650 2598 1704 2635 48

97 2667 192 2719 ique
229 2670 270 2708 et
309 2666 439 2707 imbre
479 2667 580 2707 item
612 2666 782 2707 confusa
822 2665 950 2707 fuisse
983 2665 1168 2706 Pleitner
1200 2666 1225 2705 l.
1258 2678 1289 2706 c.
1321 2678 1359 2718 p.
1394 2670 1445 2706 65
1481 2664 1705 2712 adnotavit,

96 2751 180 2779 non
211 2751 284 2791 per
315 2737 614 2790 metonymiam
646 2736 746 2777 dicti
778 2739 889 2785 sunt,
921 2736 993 2777 sed
1018 2737 1184 2789 propria
1216 2748 1311 2776 cum
1342 2735 1509 2776 notione
1542 2735 1592 2775 ab
1614 2734 1705 2786 ipsa

97 2808 247 2850 Lesbia
278 2808 450 2849 adhibiti
482 2807 609 2848 fuisse
642 2806 850 2848 iudicandi
882 2808 991 2847 sunt.
1035 2805 1150 2857 Quae
1183 2807 1217 2847 si
1249 2806 1486 2847 Thessaliae
1518 2806 1705 2857 regiones
