2013 3223
857 149 937 186 147

87 274 260 328 imperio
294 273 560 327 Septumium
592 286 720 326 seque
754 285 918 326 semper
948 273 1041 314 vult
1079 286 1169 315 esse
1210 274 1399 316 subditos
1430 277 1578 326 Acme,
1619 278 1708 331 ipse

87 347 228 394 Amor,
259 344 302 384 in
334 344 452 385 cuius
486 345 673 384 statuam
704 343 810 384 forte
844 345 1055 385 astantem
1086 344 1262 396 loquens
1303 345 1407 386 illud
1448 346 1608 395 „huic“
1649 348 1709 388 di-

89 415 223 468 gitum
265 426 313 455 ea
353 414 519 455 videtur
556 406 808 455 intendisse.‘
873 413 978 454 Mihi
1027 414 1106 467 ipsi
1146 415 1250 455 11300
1289 415 1581 469 interpretatio
1624 430 1708 459 non

89 485 225 526 solum
257 486 370 526 certa
402 484 577 533 videtur,
611 483 683 524 sed
716 484 843 524 etiam
876 495 935 532 ea,
969 496 1051 535 qua
1082 497 1167 524 una
1198 485 1334 525 verbis
1368 485 1421 539 (v.
1458 486 1550 539 14):

469 553 586 594 Huic
616 553 695 593 uni
727 553 893 593 domino
923 565 1054 604 usque
1087 554 1323 594 serviamus

88 637 165 666 sua
196 625 258 666 vis
290 624 501 666 reddatur.
562 624 746 665 Poscunt
778 624 888 664 enim
919 624 1045 672 haec,
1077 626 1126 664 ut
1158 626 1348 665 amantes
1380 627 1577 667 Amorem
1610 630 1707 670 ante

87 708 131 736 se
163 695 292 736 0011118
326 695 565 748 adspexisse
605 696 814 747 putemus.
886 694 1016 734 Adest
1054 694 1184 746 igitur
1225 695 1499 737 simulacrum
1540 698 1707 750 aliquod

86 766 264 815 Amoris,
298 766 369 818 qui
400 766 467 806 vel
504 765 733 805 sternuisse
774 764 948 816 fingitur
986 765 1052 805 vel
1093 766 1314 806 sternuens
1355 769 1706 818 repraesentatur.

88 836 385 877 Sternuentem
417 837 560 876 autem
591 837 788 876 Amorem
818 835 1088 875 Alexandrini
1119 837 1266 888 poetae
1306 838 1475 886 norant,
1514 839 1562 878 ut
1602 838 1707 879 indi-

87 909 184 948 cant
215 907 293 947 loci
325 919 346 947 e
378 906 596 947 Theocrito
631 907 672 946 et
704 918 724 946 e
757 905 974 958 Propertio
1007 917 1031 945 a
1064 905 1211 946 Rieseo
1244 906 1374 946 allati.

202 977 312 1018 Hinc
343 978 391 1017 ut
433 977 521 1017 eius
562 976 775 1016 simulacri
814 976 929 1016 locus
971 975 1227 1027 significetur
1277 977 1318 1016 et
1368 978 1417 1016 ut
1456 989 1579 1030 pares
1622 978 1708 1020 sint

86 1048 207 1089 alteri
239 1048 383 1088 alteris
415 1047 604 1088 versibus
638 1047 696 1087 sic
727 1046 949 1097 utrobique
983 1045 1250 1086 scribendum
1284 1058 1375 1087 esse
1409 1048 1616 1100 suspicor:

320 1117 413 1158 Hoc
442 1119 489 1157 ut
520 1116 640 1165 dixit,
673 1115 807 1156 Amor
837 1115 1026 1156 sinistro
1058 1115 1118 1155 ab
1151 1118 1248 1156 ante

321 1186 459 1228 Deoetr
472 1200 499 1227 α
508 1200 548 1227 m
579 1186 760 1227 sternuit
791 1186 1068 1238 approbation
1078 1199 1097 1226 e
1109 1199 1160 1226 m.

84 1259 247 1300 Nonius
281 1259 391 1299 enim
421 1271 460 1311 p.
503 1263 556 1299 30
589 1257 644 1298 M.
684 1257 788 1298 haec
826 1257 1019 1310 praebet:
1058 1258 1225 1318 (311108
1258 1259 1358 1297 811111
1400 1257 1706 1309 1111311131111·30;

84 1330 195 1371 1111110
227 1331 270 1370 01
302 1331 458 1370 311130
492 1329 627 1369 dictae
661 1331 760 1369 sunt
793 1329 978 1380 quadrae
1002 1319 1256 1376 columnae’,
1290 1340 1385 1368 cum
1408 1327 1528 1369 affert
1549 1327 1707 1381 Vergil.

86 1399 233 1453 Georg.
264 1400 308 1440 Π
340 1406 446 1441 417:

318 1469 416 1510 Iam
447 1469 563 1509 canit
592 1468 751 1519 effectos
782 1470 990 1508 extremus
1020 1467 1178 1508 vinitor
1211 1470 1328 1507 antes

84 1541 150 1582 cui
181 1541 320 1582 versui
350 1541 393 1581 in
428 1539 637 1581 Servianis
671 1539 838 1580 scholiis
871 1539 975 1580 haec
1007 1540 1296 1592 apponuntur:
1333 1539 1397 1600 cet
1430 1540 1612 1587 „antes“
1636 1538 1707 1580 alii

85 1613 290 1652 extremos
321 1611 538 1652 vinearum
571 1610 734 1651 ordines
768 1610 998 1662 accipiunt,
1031 1609 1100 1649 alii
1131 1609 1348 1657 macerias,
1382 1609 1533 1661 quibus
1565 1609 1708 1650 vineta

84 1672 346 1731 cluduntur’,
379 1681 525 1722 deinde
565 1681 815 1734 etymologia
855 1680 1124 1733 proponitur,
1164 1681 1375 1732 postremo
1416 1679 1520 1720 haec
1561 1679 1708 1720 adiun-

83 1754 242 1804 guntur
277 1754 334 1814 (et
366 1750 511 1791 aliter:
548 1749 648 1791 Cato
681 1750 729 1790 de
767 1763 812 1790 re
849 1749 1031 1790 militari
1068 1749 1278 1800 pedites
1319 1751 1578 1801 quattuor
1618 1762 1705 1802 ay-

82 1821 340 1871 minibus,
373 1821 579 1873 equites
611 1820 810 1861 duobus
842 1819 1062 1860 antibus
1094 1819 1258 1860 ducas
1298 1820 1356 1872 [p.
1398 1823 1474 1868 81,
1519 1826 1569 1861 16
1612 1819 1708 1861 Jor-

83 1892 198 1946 dan].
246 1894 344 1932 sunt
383 1895 519 1932 autem
567 1894 775 1932 extremae
815 1890 1081 1942 quadrarum
1113 1882 1287 1941 partes?
1353 1890 1489 1943 (Thilo
1526 1903 1568 1943 p.
1611 1895 1707 1940 257,

85 1967 298 2012 16-258,
332 1962 385 2016 2).
447 1962 606 2003 Paulus
639 1962 752 2002 Festi
784 1962 887 2002 haec
919 1961 1046 2001 habet
1076 1974 1114 2013 p.
1150 1966 1223 2009 16,
1267 1964 1343 2001 15:
1388 1961 1564 2021 (311108
1607 1962 1707 2001 sunt

83 2034 257 2074 extremi
275 2033 438 2074 ordines
456 2034 683 2074 vinearum.
731 2032 852 2074 Unde
877 2032 1004 2072 etiam
1024 2043 1175 2072 nomen
1195 2031 1372 2071 trahunt
1393 2032 1485 2070 ant
1498 2042 1553 2071 ae
1567 2062 1576 2079 ,
1597 2042 1704 2083 quae

83 2106 184 2145 sunt
214 2104 349 2145 latera
381 2095 606 2144 ostiorum.’
657 2102 773 2143 Adde
800 2104 986 2164 (Antes
1010 2115 1145 2152 στιχοι
1171 2092 1400 2153 αμπελων’
1436 2099 1555 2154 Corp.
1579 2100 1704 2153 gloss.

82 2174 126 2214 Π
157 2187 195 2227 p.
231 2179 297 2223 18,
331 2180 383 2216 29
418 2176 460 2215 et
494 2177 696 2236 εΣῑιχοι
730 2172 986 2225 αμῑῑελων
1019 2164 1157 2212 antes'
1194 2172 1218 2211 l.
1252 2183 1286 2212 C.
1317 2184 1355 2224 p.
1389 2175 1486 2219 438,
1520 2175 1556 2212 6.
1621 2170 1704 2212 Sed

82 2257 228 2286 versus
266 2244 497 2297 Vergiliani
546 2243 733 2285 eiusdem
782 2244 876 2284 libri
927 2248 1110 2295 275sqq.
1159 2241 1389 2283 ostendunt
1439 2241 1546 2282 vites
1588 2243 1705 2282 satas

81 2314 211 2356 fuisse
248 2316 312 2377 cut
345 2327 466 2368 saepe
498 2315 658 2367 ingenti
688 2315 796 2355 bello
839 2326 934 2355 cum
966 2313 1090 2365 longa
1123 2312 1312 2353 cohortes
1357 2311 1555 2365 explicuit
1586 2312 1705 2364 legio,

83 2387 125 2426 et
156 2397 302 2438 campo
335 2386 454 2426 stetit
486 2398 635 2438 agmen
669 2377 831 2439 aperto'
877 2386 930 2437 (v.
974 2388 1054 2425 279
1069 2383 1146 2437 sq.)
1186 2383 1211 2423 i.
1254 2396 1286 2424 e.
1328 2383 1369 2423 in
1413 2383 1704 2435 quincuncem,

84 2455 192 2508 quod
224 2455 426 2496 Varronis
459 2458 597 2497 aetate
637 2456 844 2497 usitatum
882 2455 1010 2495 fuisse
1043 2466 1092 2495 ea
1134 2466 1240 2506 quae
1284 2465 1426 2494 rerum
1465 2454 1568 2493 rust.
1612 2452 1634 2493 Ι
1669 2457 1707 2501 7,

84 2532 197 2568 2-4
230 2526 431 2567 docentur
463 2528 658 2579 arguunt.
719 2527 847 2567 Porro
881 2526 1096 2566 structura
1126 2536 1273 2565 versus
1311 2529 1394 2565 417
1438 2535 1487 2564 ea
1531 2524 1616 2572 est,
1657 2524 1706 2563 ut

81 2597 234 2638 vinitor
273 2597 345 2638 ubi
394 2597 445 2638 ad
492 2597 617 2638 finem
657 2597 825 2638 devenit
867 2597 938 2649 (=
982 2586 1255 2658 ‹extremus')
1296 2594 1480 2636 0311011110
1522 2593 1706 2634 indicare

83 2667 248 2708 dicatur
280 2665 449 2708 effectos
489 2680 580 2709 esse
623 2680 767 2708 omnes
809 2668 941 2708 311108.
1010 2665 1121 2706 Nam
1162 2667 1226 2706 est
1267 2664 1531 2706 accusativus
1570 2675 1617 2704 ex
1659 2675 1706 2704 eo

82 2750 255 2792 genere,
288 2738 398 2791 quod
433 2738 604 2800 (interni
644 2731 811 2779 obiecti'
856 2738 1040 2778 vocatur.
1115 2735 1196 2776 Sed
1235 2735 1305 2787 qui
1348 2735 1436 2776 cius
1478 2732 1707 2775 accusativi

80 2810 279 2850 naturam
309 2821 392 2850 non
422 2809 737 2858 intellexerunt,
773 2799 928 2869 ‘antes'
965 2806 1014 2847 de
1048 2806 1244 2847 extremis
1285 2806 1455 2846 tantum
1486 2804 1705 2845 vinearum

1347 2874 1424 2909 10*
