2013 3223
1050 146 1103 181 46

979 281 1086 319 quae
1116 267 1362 310 mollissima
1392 269 1519 321 fandi

515 339 730 391 Tempora,
764 339 859 390 quis
890 338 1012 379 rebus
1043 338 1184 379 dexter
1215 338 1359 379 modus

272 411 297 451 i.
333 423 365 451 e.
399 422 504 462 quae
536 410 649 450 fandi
682 411 871 461 tempora
902 408 1149 449 mollissima
1191 411 1331 450 essent
1373 409 1645 460 deliberabat,
1687 412 1750 452 vel
1789 425 1883 453 cum

275 481 415 533 aliqua
448 481 606 521 actione
638 480 717 528 ita,
751 480 799 518 ut
830 479 1044 530 genetivus
1076 479 1144 520 ille
1169 492 1192 520 a
1228 472 1465 541 ‘temporis'
1500 481 1665 521 notione
1707 482 1887 535 pendeat

274 563 350 591 nec
383 551 548 590 omnino
588 549 734 589 similis
777 549 832 589 sit
868 549 971 589 haec
1002 550 1154 590 locutio
1186 550 1246 590 illi
1282 552 1468 612 (tempus
1502 543 1583 591 est'
1621 564 1715 592 cum
1754 552 1895 593 infini—

274 621 358 661 tivo
392 620 647 667 coniunctae,
681 631 784 671 quas
818 620 1005 660 nonnulli
1038 620 1327 661 confuderunt.
1387 622 1480 661 Alia
1512 622 1641 674 igitur
1678 623 1783 663 ratio
1824 625 1890 664 est

274 690 424 731 talium
457 691 657 738 locorum,
696 690 839 741 quales
873 692 973 730 sunt
1005 690 1114 742 apud
1149 689 1264 731 Ovid.
1298 691 1339 730 in
1380 693 1476 732 met.
1518 692 1622 732 XIII
1674 697 1776 741 364,
1818 693 1888 734 ubi

275 761 418 802 Ulixes
450 761 492 800 in
525 761 709 800 oratione
743 760 792 800 de
826 760 1052 801 virtutibus
1086 761 1172 801 suis
1203 761 1319 802 Aiaci
1351 762 1453 802 haec
1484 762 1719 815 praedicat:

517 829 581 870 Tu
606 843 804 882 puynare
832 832 966 881 potes:
990 830 1220 882 puyuandi
1251 833 1437 882 tempora
1468 845 1624 872 mecum

509 899 647 952 Eliyz't
678 900 853 941 Atrides

274 972 298 1011 i.
333 983 365 1011 e.
398 971 644 1018 occasiones,
676 972 1031 1024 opportunitates;
1065 972 1221 1024 Vergil,
1253 973 1295 1012 in
1329 971 1475 1025 Georg.
1507 972 1527 1012 Ι
1563 978 1667 1015 253;

506 1041 770 1092 praediscere
802 1074 840 1081 ..
870 1042 875 1096 Ι
905 1074 912 1081 .
937 1074 943 1081 .
977 1042 1202 1094 messisque
1233 1042 1341 1082 diem
1373 1045 1612 1094 tempusque
1641 1043 1807 1084 serendi
1817 1057 1832 1094 ‚·

277 1112 386 1166 apud
418 1112 503 1152 Liv.
536 1112 699 1153 XXVII
731 1119 808 1162 41,
843 1120 863 1154 7
899 1136 954 1141 —
997 1125 1120 1165 quem
1162 1113 1298 1154 locum
1339 1113 1442 1154 falso
1485 1114 1786 1166 interpretatus
1827 1115 1895 1155 est

277 1182 453 1223 Kiihner
490 1184 515 1222 l.
548 1196 579 1223 c.
636 1206 692 1211 ——-
740 1185 902 1234 tempus
937 1183 1176 1235 exuryendi
1223 1196 1272 1223 esc
1318 1183 1490 1223 insidiis
1537 1186 1572 1224 ct
1618 1183 1892 1236 adgrediendi

280 1254 359 1305 [ita
407 1253 702 1293 Weissenborn
755 1254 950 1302 correxit,
993 1245 1203 1315 ‘adgredi'
1254 1266 1395 1294 merus
1443 1257 1507 1294 est
1553 1255 1710 1295 librarii
1757 1256 1888 1307 error]

276 1322 427 1363 hostem
465 1322 529 1363 Ti.
565 1321 794 1363 Claudium
826 1322 1016 1363 Asellum
1048 1323 1263 1364 tribunum
1294 1322 1476 1364 militum
1508 1327 1544 1364 et
1576 1323 1624 1364 P.
1661 1322 1894 1365 Claudium

270 1393 533 1445 praefectum
563 1393 719 1434 socium
752 1394 896 1443 edocet,
929 1407 1030 1445 quos
1062 1408 1154 1434 cum
1185 1395 1242 1434 iis
1273 1395 1460 1436 mittebat
1491 1396 1514 1435 i.
1548 1407 1580 1436 e.
1613 1397 1893 1448 opportunum

277 1464 476 1517 temporis
510 1467 772 1505 momentum
805 1465 972 1505 indicat.

397 1533 513 1584 Quae
555 1547 649 1575 cum
692 1535 749 1575 ita
783 1536 867 1575 sint
904 1539 1089 1596 (tempus
1132 1538 1196 1576 est
1236 1536 1335 1588 (me)
1369 1527 1558 1588 surgere'
1604 1536 1811 1588 significat
1850 1550 1894 1576 es

277 1605 331 1646 ist
364 1617 421 1644 an
454 1604 526 1645 der
559 1605 663 1654 Zeit,
696 1618 736 1645 es
767 1605 822 1646 ist
854 1605 955 1657 (fiir
985 1605 1120 1659 mich)
1154 1604 1258 1654 Zeu,
1292 1605 1562 1656 aufeusteheu
1595 1619 1653 1647 ex.
1694 1619 1752 1658 gr.
1795 1607 1892 1658 quia

280 1676 381 1716 satis
425 1676 493 1715 diu
537 1676 742 1722 sedimus;
779 1679 966 1737 ‘tempus
1009 1679 1072 1716 est
1113 1670 1327 1728 surgendi'
1373 1689 1414 1715 cs
1451 1676 1505 1716 ist
1538 1676 1639 1727 jetzt
1681 1676 1748 1716 die
1787 1675 1892 1726 Zeit,

283 1744 545 1798 Geleyenheit
576 1759 670 1786 eum
691 1745 935 1798 Aufstehen‚
971 1748 1067 1798 quia
1090 1759 1201 1787 nunc
1233 1746 1274 1786 id
1307 1759 1379 1799 per
1411 1747 1600 1787 idoneam
1634 1747 1893 1788 occasionem

279 1817 344 1857 vel
377 1817 730 1869 opportunitatem
765 1817 923 1857 efficere
958 1818 1075 1864 licet3
1110 1821 1173 1858 est
1205 1818 1357 1869 igitur:
1391 1831 1432 1857 es
1463 1817 1518 1857 ist
1554 1817 1650 1869 jetet
1681 1817 1750 1857 eiu
1787 1820 1893 1870 yuu—

279 1887 406 1940 stiycr
437 1887 676 1939 Zeitpuukt,
701 1888 911 1938 passeude
943 1887 1036 1928 Zeit
1067 1900 1161 1928 zum
1193 1887 1436 1939 Aufsteheu.
1502 1887 1604 1929 Orta
1647 1890 1789 1929 autem
1831 1889 1895 1929 est

281 1971 328 1999 ea
360 1959 575 1999 notionum
608 1958 840 1999 differentia
873 1971 893 1999 e
918 1971 1037 1999 casus
1071 1960 1251 2011 genetivi
1284 1961 1325 1999 et
1356 1959 1485 1999 dativi
1519 1959 1683 2000 diversa
1714 1959 1895 2000 notione.

279 2029 518 2070 Infinitivus
552 2030 661 2070 enim
695 2030 802 2070 sicut
843 2030 883 2069 in
925 2042 1073 2082 graeca
1115 2029 1259 2081 lingua
1303 2030 1403 2070 item
1448 2030 1489 2069 in
1531 2029 1661 2070 latina
1703 2041 1726 2069 a
1767 2029 1894 2070 dativi

280 2099 414 2140 forma
458 2102 574 2140 ortus
615 2100 739 2140 huius
782 2112 902 2141 casus
943 2101 1153 2141 notionem
1196 2100 1391 2149 retinuit,
1433 2112 1513 2152 qua
1555 2112 1648 2140 eam
1689 2100 1895 2142 actionem

285 2170 502 2223 significat,
536 2171 586 2211 ad
621 2183 747 2223 quam
781 2183 926 2211 versus
959 2170 998 2210 id
1032 2174 1198 2223 tempus
1232 2170 1280 2211 de
1315 2184 1395 2223 quo
1428 2171 1566 2223 agitur
1599 2171 1737 2223 aliquo
1775 2170 1896 2212 modo

283 2241 485 2293 derigitur
519 2241 603 2282 sive
648 2241 698 2282 ad
741 2253 868 2294 quam
907 2243 1125 2282 revocatur
1169 2241 1235 2294 (de
1277 2253 1359 2294 qua
1398 2241 1695 2282 infinitivorum
1736 2241 1896 2282 ratione

282 2311 373 2352 vide
415 2312 552 2364 copias
593 2312 639 2352 E.
671 2312 884 2353 Wilhelmi
928 2312 977 2352 de
1017 2312 1209 2352 infinitivi
1243 2344 1250 2351 .
1285 2344 1291 2351 .
1325 2312 1458 2352 forma
1500 2315 1544 2352 et
1582 2324 1672 2352 usu.
1733 2311 1895 2352 Isenaci

286 2382 426 2434 1872).
477 2382 557 2423 Sed
591 2383 625 2423 si
663 2396 736 2436 per
775 2383 1015 2435 genetivum
1057 2382 1207 2423 dicitur
1250 2382 1447 2435 surgendi
1489 2394 1579 2423 esse
1620 2384 1807 2435 tempus,
1848 2394 1897 2423 ea

284 2453 390 2493 actio
423 2453 693 2504 significatur,
727 2466 833 2506 quae
866 2454 1030 2507 propria
1062 2455 1126 2494 est
1159 2454 1247 2494 eius
1271 2454 1481 2506 temporis.
1531 2452 1792 2505 Omninoque
1825 2453 1896 2504 qui

287 2523 522 2584 (loquendi,
563 2524 822 2576 colloquendi
873 2525 998 2565 finem
1048 2518 1199 2565 facere'
1257 2526 1298 2565 et
1344 2524 1526 2586 tiniuriis
1573 2523 1697 2564 finem
1739 2513 1893 2564 facere'

284 2594 474 2645 talesque
498 2594 727 2635 locutiones
750 2596 951 2644 intuetur,
985 2607 1111 2647 quam
1133 2595 1390 2648 propinquae
1413 2595 1522 2635 inter
1545 2606 1587 2635 se
1611 2594 1696 2635 sint
1717 2593 1896 2646 genetivi

289 2665 331 2704 et
363 2663 491 2704 dativi
525 2676 646 2705 casus
678 2666 867 2706 notiones
908 2665 1142 2718 intelleget,
1183 2665 1309 2705 simul
1350 2666 1492 2705 autem
1533 2664 1636 2704 illud
1677 2663 1898 2716 cognoscet

290 2734 355 2775 vel
387 2735 586 2775 maiorem
622 2736 683 2776 vel
716 2737 919 2778 minorem
952 2735 1207 2777 intercedere
1240 2736 1420 2776 notionis
1452 2735 1750 2776 diversitatem.
