<?xml version="1.0" encoding="UTF-8"?>
<!DOCTYPE html PUBLIC "-//W3C//DTD XHTML 1.0 Transitional//EN"
    "http://www.w3.org/TR/xhtml1/DTD/xhtml1-transitional.dtd">
<html xmlns="http://www.w3.org/1999/xhtml" xml:lang="en" lang="en">
 <head>
  <title>
</title>
<meta http-equiv="Content-Type" content="text/html;charset=utf-8" />
  <meta name='ocr-system' content='tesseract 3.04.00' />
  <meta name='ocr-capabilities' content='ocr_page ocr_carea ocr_par ocr_line ocrx_word'/>
</head>
<body>
  <div class='ocr_page' id='page_1' title='image "./quaestionescatul00webeuoft_0151.png"; bbox 0 0 2013 3223; ppageno 0'>
   <div class='ocr_carea' id='block_1_1' title="bbox 871 145 950 183">
    <p class='ocr_par' dir='ltr' id='par_1_1' title="bbox 871 145 950 183">
     <span class='ocr_line' id='line_1_1' title="bbox 871 145 950 183; baseline 0 -1"><span class='ocrx_word' id='word_1_1' title='bbox 871 145 950 183; x_wconf 88' lang='lat'>131</span> 
     </span>
    </p>
   </div>
   <div class='ocr_carea' id='block_1_2' title="bbox 804 199 1014 206">
    <p class='ocr_par' dir='ltr' id='par_1_2' title="bbox 804 199 1014 206">
     <span class='ocr_line' id='line_1_2' title="bbox 804 199 1014 206; baseline 0 0"><span class='ocrx_word' id='word_1_2' title='bbox 804 199 1014 206; x_wconf 95' lang='lat' dir='ltr'> </span> 
     </span>
    </p>
   </div>
   <div class='ocr_carea' id='block_1_3' title="bbox 97 269 1723 1094">
    <p class='ocr_par' dir='ltr' id='par_1_3' title="bbox 97 269 1723 1094">
     <span class='ocr_line' id='line_1_3' title="bbox 103 269 1721 324; baseline 0.002 -14"><span class='ocrx_word' id='word_1_3' title='bbox 103 269 267 311; x_wconf 86' lang='lat' dir='ltr'>additas</span> <span class='ocrx_word' id='word_1_4' title='bbox 298 269 450 317; x_wconf 85' lang='lat' dir='ltr'>tribui;</span> <span class='ocrx_word' id='word_1_5' title='bbox 497 270 642 310; x_wconf 88' lang='lat' dir='ltr'>contra</span> <span class='ocrx_word' id='word_1_6' title='bbox 676 270 896 321; x_wconf 75' lang='lat' dir='ltr'>sequentia</span> <span class='ocrx_word' id='word_1_7' title='bbox 929 270 1135 322; x_wconf 87' lang='lat' dir='ltr'>arguunt,</span> <span class='ocrx_word' id='word_1_8' title='bbox 1175 269 1218 310; x_wconf 91' lang='lat' dir='ltr'>in</span> <span class='ocrx_word' id='word_1_9' title='bbox 1249 270 1314 311; x_wconf 88' lang='lat' dir='ltr'>his</span> <span class='ocrx_word' id='word_1_10' title='bbox 1356 271 1456 324; x_wconf 90' lang='lat' dir='ltr'>ipsis</span> <span class='ocrx_word' id='word_1_11' title='bbox 1490 272 1721 314; x_wconf 73' lang='lat' dir='ltr'>actionibus</span> 
     </span>
     <span class='ocr_line' id='line_1_4' title="bbox 101 339 1723 384; baseline 0.002 -4"><span class='ocrx_word' id='word_1_12' title='bbox 101 340 128 380; x_wconf 93' lang='lat' dir='ltr'>i.</span> <span class='ocrx_word' id='word_1_13' title='bbox 151 352 184 381; x_wconf 92' lang='lat' dir='ltr'>e.</span> <span class='ocrx_word' id='word_1_14' title='bbox 215 340 259 380; x_wconf 93' lang='lat' dir='ltr'>in</span> <span class='ocrx_word' id='word_1_15' title='bbox 291 352 481 381; x_wconf 89' lang='lat' dir='ltr'>amorum</span> <span class='ocrx_word' id='word_1_16' title='bbox 506 341 548 380; x_wconf 88' lang='lat' dir='ltr'>et</span> <span class='ocrx_word' id='word_1_17' title='bbox 570 339 852 380; x_wconf 80' lang='lat' dir='ltr'>amicitiarum</span> <span class='ocrx_word' id='word_1_18' title='bbox 874 339 1079 380; x_wconf 89' lang='lat' dir='ltr'>memoria</span> <span class='ocrx_word' id='word_1_19' title='bbox 1101 340 1323 381; x_wconf 88' lang='lat' dir='ltr'>recolenda</span> <span class='ocrx_word' id='word_1_20' title='bbox 1346 353 1520 382; x_wconf 87' lang='lat' dir='ltr'>causam</span> <span class='ocrx_word' id='word_1_21' title='bbox 1542 344 1584 383; x_wconf 91' lang='lat' dir='ltr'>et</span> <span class='ocrx_word' id='word_1_22' title='bbox 1606 355 1723 384; x_wconf 89' lang='lat' dir='ltr'>occa-</span> 
     </span>
     <span class='ocr_line' id='line_1_5' title="bbox 101 408 1723 463; baseline 0.002 -12"><span class='ocrx_word' id='word_1_23' title='bbox 101 410 259 451; x_wconf 83' lang='lat' dir='ltr'>sionem</span> <span class='ocrx_word' id='word_1_24' title='bbox 292 411 503 459; x_wconf 90' lang='lat' dir='ltr'>constare,</span> <span class='ocrx_word' id='word_1_25' title='bbox 549 409 661 450; x_wconf 88' lang='lat' dir='ltr'>unde</span> <span class='ocrx_word' id='word_1_26' title='bbox 695 408 921 459; x_wconf 74' lang='lat' dir='ltr'>Quintiliae</span> <span class='ocrx_word' id='word_1_27' title='bbox 964 421 1091 450; x_wconf 89' lang='lat' dir='ltr'>sensu</span> <span class='ocrx_word' id='word_1_28' title='bbox 1132 422 1206 450; x_wconf 90' lang='lat' dir='ltr'>suo</span> <span class='ocrx_word' id='word_1_29' title='bbox 1240 410 1350 463; x_wconf 88' lang='lat' dir='ltr'>apud</span> <span class='ocrx_word' id='word_1_30' title='bbox 1380 410 1533 452; x_wconf 86' lang='lat' dir='ltr'>inferos</span> <span class='ocrx_word' id='word_1_31' title='bbox 1566 412 1723 454; x_wconf 86' lang='lat' dir='ltr'>fruenti</span> 
     </span>
     <span class='ocr_line' id='line_1_6' title="bbox 99 479 1722 534; baseline 0.002 -13"><span class='ocrx_word' id='word_1_32' title='bbox 99 481 194 534; x_wconf 90' lang='lat' dir='ltr'>plus</span> <span class='ocrx_word' id='word_1_33' title='bbox 227 480 369 533; x_wconf 86' lang='lat' dir='ltr'>gaudii</span> <span class='ocrx_word' id='word_1_34' title='bbox 402 491 529 531; x_wconf 87' lang='lat' dir='ltr'>quam</span> <span class='ocrx_word' id='word_1_35' title='bbox 552 479 703 520; x_wconf 88' lang='lat' dir='ltr'>doloris</span> <span class='ocrx_word' id='word_1_36' title='bbox 735 480 920 532; x_wconf 88' lang='lat' dir='ltr'>paretur.</span> <span class='ocrx_word' id='word_1_37' title='bbox 985 479 1066 520; x_wconf 82' lang='lat' dir='ltr'>Sed</span> <span class='ocrx_word' id='word_1_38' title='bbox 1098 480 1207 520; x_wconf 88' lang='lat' dir='ltr'>hanc</span> <span class='ocrx_word' id='word_1_39' title='bbox 1240 481 1548 522; x_wconf 87' lang='lat' dir='ltr'>sententiarum</span> <span class='ocrx_word' id='word_1_40' title='bbox 1580 495 1722 525; x_wconf 88' lang='lat' dir='ltr'>neces-</span> 
     </span>
     <span class='ocr_line' id='line_1_7' title="bbox 101 541 1722 610; baseline 0.002 -19"><span class='ocrx_word' id='word_1_41' title='bbox 101 550 328 591; x_wconf 90' lang='lat' dir='ltr'>situdinem</span> <span class='ocrx_word' id='word_1_42' title='bbox 366 562 450 590; x_wconf 90' lang='lat' dir='ltr'>non</span> <span class='ocrx_word' id='word_1_43' title='bbox 492 549 618 590; x_wconf 83' lang='lat' dir='ltr'>efficit</span> <span class='ocrx_word' id='word_1_44' title='bbox 662 541 790 610; x_wconf 57' lang='lat' dir='ltr'>tqui&#39;,</span> <span class='ocrx_word' id='word_1_45' title='bbox 838 549 911 590; x_wconf 91' lang='lat' dir='ltr'>sed</span> <span class='ocrx_word' id='word_1_46' title='bbox 954 561 1075 600; x_wconf 77' lang='lat' dir='ltr'>quom</span> <span class='ocrx_word' id='word_1_47' title='bbox 1115 550 1199 590; x_wconf 91' lang='lat' dir='ltr'>iam</span> <span class='ocrx_word' id='word_1_48' title='bbox 1238 562 1262 590; x_wconf 87' lang='lat' dir='ltr'>a</span> <span class='ocrx_word' id='word_1_49' title='bbox 1295 550 1480 592; x_wconf 85' lang='lat' dir='ltr'>Guarino</span> <span class='ocrx_word' id='word_1_50' title='bbox 1513 564 1722 594; x_wconf 88' lang='lat' dir='ltr'>commen-</span> 
     </span>
     <span class='ocr_line' id='line_1_8' title="bbox 101 619 1723 676; baseline 0.002 -15"><span class='ocrx_word' id='word_1_51' title='bbox 101 620 258 661; x_wconf 90' lang='lat' dir='ltr'>datum.</span> <span class='ocrx_word' id='word_1_52' title='bbox 318 619 505 660; x_wconf 88' lang='lat' dir='ltr'>Pleitner</span> <span class='ocrx_word' id='word_1_53' title='bbox 547 631 711 671; x_wconf 89' lang='lat' dir='ltr'>quoque</span> <span class='ocrx_word' id='word_1_54' title='bbox 756 624 867 661; x_wconf 85' lang='grc'><strong>1876</strong></span> <span class='ocrx_word' id='word_1_55' title='bbox 900 633 938 672; x_wconf 90' lang='lat' dir='ltr'>p.</span> <span class='ocrx_word' id='word_1_56' title='bbox 973 625 1022 661; x_wconf 83' lang='lat'>61</span> <span class='ocrx_word' id='word_1_57' title='bbox 1059 620 1138 660; x_wconf 88' lang='lat' dir='ltr'>hoc</span> <span class='ocrx_word' id='word_1_58' title='bbox 1168 620 1329 672; x_wconf 86' lang='lat' dir='ltr'>probat,</span> <span class='ocrx_word' id='word_1_59' title='bbox 1373 621 1445 662; x_wconf 91' lang='lat' dir='ltr'>sed</span> <span class='ocrx_word' id='word_1_60' title='bbox 1477 622 1562 662; x_wconf 78' lang='lat' dir='ltr'>vim</span> <span class='ocrx_word' id='word_1_61' title='bbox 1595 624 1723 676; x_wconf 77' lang='lat' dir='ltr'>expli-</span> 
     </span>
     <span class='ocr_line' id='line_1_9' title="bbox 99 684 1720 752; baseline 0.002 -21"><span class='ocrx_word' id='word_1_62' title='bbox 99 691 299 739; x_wconf 84' lang='lat' dir='ltr'>cativam,</span> <span class='ocrx_word' id='word_1_63' title='bbox 340 702 466 742; x_wconf 89' lang='lat' dir='ltr'>quam</span> <span class='ocrx_word' id='word_1_64' title='bbox 498 690 622 742; x_wconf 74' lang='lat' dir='ltr'>vulgo</span> <span class='ocrx_word' id='word_1_65' title='bbox 655 689 812 739; x_wconf 90' lang='lat' dir='ltr'>dicunt,</span> <span class='ocrx_word' id='word_1_66' title='bbox 854 689 958 730; x_wconf 87' lang='lat' dir='ltr'>falso</span> <span class='ocrx_word' id='word_1_67' title='bbox 1000 689 1051 730; x_wconf 90' lang='lat' dir='ltr'>ad</span> <span class='ocrx_word' id='word_1_68' title='bbox 1082 690 1295 731; x_wconf 88' lang='lat' dir='ltr'>notionem</span> <span class='ocrx_word' id='word_1_69' title='bbox 1330 684 1508 752; x_wconf 36' lang='lat' dir='ltr'>‘dolore&#39;</span> <span class='ocrx_word' id='word_1_70' title='bbox 1545 694 1720 734; x_wconf 85' lang='lat' dir='ltr'>rettulit.</span> 
     </span>
     <span class='ocr_line' id='line_1_10' title="bbox 98 759 1722 815; baseline 0.002 -14"><span class='ocrx_word' id='word_1_71' title='bbox 98 760 202 801; x_wconf 86' lang='lat' dir='ltr'>Tota</span> <span class='ocrx_word' id='word_1_72' title='bbox 243 760 371 812; x_wconf 86' lang='lat' dir='ltr'>igitur</span> <span class='ocrx_word' id='word_1_73' title='bbox 410 760 607 813; x_wconf 85' lang='lat' dir='ltr'>periodus</span> <span class='ocrx_word' id='word_1_74' title='bbox 648 772 722 812; x_wconf 89' lang='lat' dir='ltr'>per</span> <span class='ocrx_word' id='word_1_75' title='bbox 763 759 928 800; x_wconf 83' lang='lat' dir='ltr'>litteras</span> <span class='ocrx_word' id='word_1_76' title='bbox 961 772 985 800; x_wconf 91' lang='lat' dir='ltr'>a</span> <span class='ocrx_word' id='word_1_77' title='bbox 1017 759 1123 813; x_wconf 88' lang='lat' dir='ltr'>(bA)</span> <span class='ocrx_word' id='word_1_78' title='bbox 1165 760 1226 800; x_wconf 88' lang='lat' dir='ltr'>ita</span> <span class='ocrx_word' id='word_1_79' title='bbox 1259 760 1436 802; x_wconf 87' lang='lat' dir='ltr'>describi</span> <span class='ocrx_word' id='word_1_80' title='bbox 1467 763 1626 815; x_wconf 87' lang='lat' dir='ltr'>potest,</span> <span class='ocrx_word' id='word_1_81' title='bbox 1673 765 1722 804; x_wconf 90' lang='lat' dir='ltr'>ut</span> 
     </span>
     <span class='ocr_line' id='line_1_11' title="bbox 100 830 1722 884; baseline 0.002 -14"><span class='ocrx_word' id='word_1_82' title='bbox 100 831 254 871; x_wconf 85' lang='lat' dir='ltr'>artiore</span> <span class='ocrx_word' id='word_1_83' title='bbox 286 830 452 871; x_wconf 80' lang='lat' dir='ltr'>vinculo</span> <span class='ocrx_word' id='word_1_84' title='bbox 486 830 668 870; x_wconf 86' lang='lat' dir='ltr'>alterum</span> <span class='ocrx_word' id='word_1_85' title='bbox 699 830 937 871; x_wconf 89' lang='lat' dir='ltr'>membrum</span> <span class='ocrx_word' id='word_1_86' title='bbox 971 830 1288 880; x_wconf 88' lang='lat' dir='ltr'>secundarium,</span> <span class='ocrx_word' id='word_1_87' title='bbox 1321 831 1431 883; x_wconf 89' lang='lat' dir='ltr'>quod</span> <span class='ocrx_word' id='word_1_88' title='bbox 1464 832 1722 884; x_wconf 85' lang='lat' dir='ltr'>singularem</span> 
     </span>
     <span class='ocr_line' id='line_1_12' title="bbox 97 900 1720 956; baseline 0.002 -15"><span class='ocrx_word' id='word_1_89' title='bbox 97 900 224 941; x_wconf 88' lang='lat' dir='ltr'>infert</span> <span class='ocrx_word' id='word_1_90' title='bbox 255 900 554 948; x_wconf 89' lang='lat' dir='ltr'>condicionem,</span> <span class='ocrx_word' id='word_1_91' title='bbox 587 912 683 940; x_wconf 90' lang='lat' dir='ltr'>cum</span> <span class='ocrx_word' id='word_1_92' title='bbox 716 900 932 941; x_wconf 88' lang='lat' dir='ltr'>enuntiato</span> <span class='ocrx_word' id='word_1_93' title='bbox 964 900 1162 953; x_wconf 86' lang='lat' dir='ltr'>primario</span> <span class='ocrx_word' id='word_1_94' title='bbox 1196 901 1418 942; x_wconf 83' lang='lat' dir='ltr'>cohaereat</span> <span class='ocrx_word' id='word_1_95' title='bbox 1441 914 1567 954; x_wconf 88' lang='lat' dir='ltr'>quam</span> <span class='ocrx_word' id='word_1_96' title='bbox 1592 903 1720 956; x_wconf 88' lang='lat' dir='ltr'>prius,</span> 
     </span>
     <span class='ocr_line' id='line_1_13' title="bbox 100 970 1722 1026; baseline 0.002 -15"><span class='ocrx_word' id='word_1_97' title='bbox 100 970 210 1023; x_wconf 92' lang='lat' dir='ltr'>quod</span> <span class='ocrx_word' id='word_1_98' title='bbox 237 971 377 1024; x_wconf 90' lang='lat' dir='ltr'>ipsum</span> <span class='ocrx_word' id='word_1_99' title='bbox 408 970 700 1023; x_wconf 88' lang='lat' dir='ltr'>praemittitur</span> <span class='ocrx_word' id='word_1_100' title='bbox 731 972 780 1010; x_wconf 89' lang='lat' dir='ltr'>ut</span> <span class='ocrx_word' id='word_1_101' title='bbox 802 970 1034 1011; x_wconf 89' lang='lat' dir='ltr'>communis</span> <span class='ocrx_word' id='word_1_102' title='bbox 1067 970 1250 1011; x_wconf 88' lang='lat' dir='ltr'>condicio</span> <span class='ocrx_word' id='word_1_103' title='bbox 1284 971 1514 1012; x_wconf 87' lang='lat' dir='ltr'>coniunctis</span> <span class='ocrx_word' id='word_1_104' title='bbox 1546 974 1722 1026; x_wconf 88' lang='lat' dir='ltr'>posteri-</span> 
     </span>
     <span class='ocr_line' id='line_1_14' title="bbox 99 1041 472 1094; baseline -0.005 -12"><span class='ocrx_word' id='word_1_105' title='bbox 99 1041 238 1082; x_wconf 82' lang='lat' dir='ltr'>oribus</span> <span class='ocrx_word' id='word_1_106' title='bbox 268 1041 472 1094; x_wconf 89' lang='lat' dir='ltr'>partibus.</span> 
     </span>
    </p>
   </div>
   <div class='ocr_carea' id='block_1_4' title="bbox 94 1180 1720 2783">
    <p class='ocr_par' dir='ltr' id='par_1_4' title="bbox 94 1180 1720 2783">
     <span class='ocr_line' id='line_1_15' title="bbox 215 1180 1720 1235; baseline 0.002 -13"><span class='ocrx_word' id='word_1_107' title='bbox 215 1180 525 1234; x_wconf 87' lang='lat' dir='ltr'>Respondentia</span> <span class='ocrx_word' id='word_1_108' title='bbox 565 1180 676 1221; x_wconf 91' lang='lat' dir='ltr'>inter</span> <span class='ocrx_word' id='word_1_109' title='bbox 717 1192 759 1221; x_wconf 93' lang='lat' dir='ltr'>se</span> <span class='ocrx_word' id='word_1_110' title='bbox 792 1182 1006 1233; x_wconf 89' lang='lat' dir='ltr'>ponuntur</span> <span class='ocrx_word' id='word_1_111' title='bbox 1053 1180 1242 1222; x_wconf 87' lang='lat' dir='ltr'>futura</span> <span class='ocrx_word' id='word_1_112' title='bbox 1287 1182 1477 1235; x_wconf 89' lang='lat' dir='ltr'>prima,</span> <span class='ocrx_word' id='word_1_113' title='bbox 1524 1183 1641 1224; x_wconf 80' lang='lat' dir='ltr'>velut</span> <span class='ocrx_word' id='word_1_114' title='bbox 1676 1184 1720 1225; x_wconf 88' lang='lat' dir='ltr'>in</span> 
     </span>
     <span class='ocr_line' id='line_1_16' title="bbox 98 1250 1720 1303; baseline 0.002 -11"><span class='ocrx_word' id='word_1_115' title='bbox 98 1263 130 1292; x_wconf 91' lang='lat' dir='ltr'>c.</span> <span class='ocrx_word' id='word_1_116' title='bbox 162 1250 269 1292; x_wconf 89' lang='lat' dir='ltr'>VIH</span> <span class='ocrx_word' id='word_1_117' title='bbox 296 1257 361 1292; x_wconf 88' lang='lat'>14.</span> <span class='ocrx_word' id='word_1_118' title='bbox 392 1250 531 1291; x_wconf 82' lang='lat' dir='ltr'><strong>LXIV</strong></span> <span class='ocrx_word' id='word_1_119' title='bbox 568 1256 663 1292; x_wconf 83' lang='lat'>344.</span> <span class='ocrx_word' id='word_1_120' title='bbox 688 1255 784 1292; x_wconf 82' lang='lat'>350.</span> <span class='ocrx_word' id='word_1_121' title='bbox 808 1255 914 1295; x_wconf 80' lang='lat'><strong>363:</strong></span> <span class='ocrx_word' id='word_1_122' title='bbox 949 1263 1055 1303; x_wconf 88' lang='lat' dir='ltr'>quae</span> <span class='ocrx_word' id='word_1_123' title='bbox 1089 1253 1302 1292; x_wconf 86' lang='lat' dir='ltr'>structura</span> <span class='ocrx_word' id='word_1_124' title='bbox 1333 1253 1596 1294; x_wconf 88' lang='lat' dir='ltr'>restituenda</span> <span class='ocrx_word' id='word_1_125' title='bbox 1617 1255 1720 1295; x_wconf 90' lang='lat' dir='ltr'>mihi</span> 
     </span>
     <span class='ocr_line' id='line_1_17' title="bbox 97 1320 1720 1376; baseline 0.002 -14"><span class='ocrx_word' id='word_1_126' title='bbox 97 1321 263 1362; x_wconf 87' lang='lat' dir='ltr'>videtur</span> <span class='ocrx_word' id='word_1_127' title='bbox 293 1321 336 1361; x_wconf 91' lang='lat' dir='ltr'>in</span> <span class='ocrx_word' id='word_1_128' title='bbox 369 1334 402 1362; x_wconf 93' lang='lat' dir='ltr'>c.</span> <span class='ocrx_word' id='word_1_129' title='bbox 433 1321 572 1362; x_wconf 85' lang='lat' dir='ltr'>LXVI</span> <span class='ocrx_word' id='word_1_130' title='bbox 607 1327 671 1363; x_wconf 82' lang='lat'>74.</span> <span class='ocrx_word' id='word_1_131' title='bbox 735 1320 943 1372; x_wconf 81' lang='lat' dir='ltr'>Quoniam</span> <span class='ocrx_word' id='word_1_132' title='bbox 975 1324 1090 1362; x_wconf 91' lang='lat' dir='ltr'>totus</span> <span class='ocrx_word' id='word_1_133' title='bbox 1122 1322 1238 1363; x_wconf 90' lang='lat' dir='ltr'>locus</span> <span class='ocrx_word' id='word_1_134' title='bbox 1270 1323 1418 1376; x_wconf 86' lang='lat' dir='ltr'>inspici</span> <span class='ocrx_word' id='word_1_135' title='bbox 1451 1324 1586 1373; x_wconf 91' lang='lat' dir='ltr'>debet,</span> <span class='ocrx_word' id='word_1_136' title='bbox 1628 1325 1720 1366; x_wconf 90' lang='lat' dir='ltr'>red-</span> 
     </span>
     <span class='ocr_line' id='line_1_18' title="bbox 99 1391 1249 1433; baseline 0.001 -1"><span class='ocrx_word' id='word_1_137' title='bbox 99 1391 195 1432; x_wconf 85' lang='lat' dir='ltr'>dam</span> <span class='ocrx_word' id='word_1_138' title='bbox 226 1392 338 1432; x_wconf 90' lang='lat' dir='ltr'>hunc</span> <span class='ocrx_word' id='word_1_139' title='bbox 373 1404 393 1432; x_wconf 89' lang='lat' dir='ltr'>e</span> <span class='ocrx_word' id='word_1_140' title='bbox 428 1391 643 1432; x_wconf 83' lang='lat' dir='ltr'>Schwabei</span> <span class='ocrx_word' id='word_1_141' title='bbox 675 1392 855 1433; x_wconf 87' lang='lat' dir='ltr'>editione</span> <span class='ocrx_word' id='word_1_142' title='bbox 888 1393 947 1433; x_wconf 90' lang='lat' dir='ltr'>sic</span> <span class='ocrx_word' id='word_1_143' title='bbox 979 1392 1249 1433; x_wconf 90' lang='lat' dir='ltr'>distinctum:</span> 
     </span>
     <span class='ocr_line' id='line_1_19' title="bbox 329 1459 1561 1515; baseline 0.002 -13"><span class='ocrx_word' id='word_1_144' title='bbox 329 1459 413 1502; x_wconf 82' lang='lat' dir='ltr'>Sed</span> <span class='ocrx_word' id='word_1_145' title='bbox 443 1475 699 1514; x_wconf 80' lang='lat' dir='ltr'>quamquam</span> <span class='ocrx_word' id='word_1_146' title='bbox 730 1475 794 1502; x_wconf 80' lang='lat' dir='ltr'>me</span> <span class='ocrx_word' id='word_1_147' title='bbox 824 1465 938 1503; x_wconf 88' lang='lat' dir='ltr'>noete</span> <span class='ocrx_word' id='word_1_148' title='bbox 962 1466 1165 1513; x_wconf 73' lang='lat' dir='ltr'>premunt</span> <span class='ocrx_word' id='word_1_149' title='bbox 1195 1463 1372 1515; x_wconf 64' lang='lat' dir='ltr'>vestigia</span> <span class='ocrx_word' id='word_1_150' title='bbox 1406 1463 1561 1514; x_wconf 76' lang='lat' dir='ltr'>divum,</span> 
     </span>
     <span class='ocr_line' id='line_1_20' title="bbox 246 1530 1235 1584; baseline -0.002 -10"><span class='ocrx_word' id='word_1_151' title='bbox 246 1537 298 1574; x_wconf 83' lang='lat'>70</span> <span class='ocrx_word' id='word_1_152' title='bbox 389 1530 489 1572; x_wconf 77' lang='lat' dir='ltr'>Lux</span> <span class='ocrx_word' id='word_1_153' title='bbox 521 1534 658 1572; x_wconf 81' lang='lat' dir='ltr'>autem</span> <span class='ocrx_word' id='word_1_154' title='bbox 690 1544 822 1573; x_wconf 79' lang='lat' dir='ltr'>canae</span> <span class='ocrx_word' id='word_1_155' title='bbox 861 1531 1008 1584; x_wconf 70' lang='lat' dir='ltr'>Tethyi</span> <span class='ocrx_word' id='word_1_156' title='bbox 1040 1532 1235 1582; x_wconf 73' lang='lat' dir='ltr'>restituit,</span> 
     </span>
     <span class='ocr_line' id='line_1_21' title="bbox 332 1600 1416 1656; baseline 0.002 -14"><span class='ocrx_word' id='word_1_157' title='bbox 332 1600 465 1655; x_wconf 80' lang='lat' dir='ltr'>(Pace</span> <span class='ocrx_word' id='word_1_158' title='bbox 495 1605 570 1642; x_wconf 78' lang='lat' dir='ltr'>tua</span> <span class='ocrx_word' id='word_1_159' title='bbox 597 1602 692 1655; x_wconf 78' lang='lat' dir='ltr'>fari</span> <span class='ocrx_word' id='word_1_160' title='bbox 722 1601 790 1642; x_wconf 76' lang='lat' dir='ltr'>hie</span> <span class='ocrx_word' id='word_1_161' title='bbox 822 1601 954 1651; x_wconf 73' lang='lat' dir='ltr'>liceat,</span> <span class='ocrx_word' id='word_1_162' title='bbox 988 1602 1242 1643; x_wconf 75' lang='lat' dir='ltr'>rhamnusia</span> <span class='ocrx_word' id='word_1_163' title='bbox 1273 1603 1416 1656; x_wconf 64' lang='lat' dir='ltr'>virgo:</span> 
     </span>
     <span class='ocr_line' id='line_1_22' title="bbox 390 1671 1404 1726; baseline 0.001 -13"><span class='ocrx_word' id='word_1_164' title='bbox 390 1672 584 1725; x_wconf 78' lang='lat' dir='ltr'>Namque</span> <span class='ocrx_word' id='word_1_165' title='bbox 617 1685 684 1725; x_wconf 67' lang='lat' dir='ltr'>eqo</span> <span class='ocrx_word' id='word_1_166' title='bbox 716 1685 800 1713; x_wconf 87' lang='lat' dir='ltr'>non</span> <span class='ocrx_word' id='word_1_167' title='bbox 830 1671 918 1713; x_wconf 76' lang='lat' dir='ltr'>ullo</span> <span class='ocrx_word' id='word_1_168' title='bbox 949 1686 1050 1713; x_wconf 82' lang='lat' dir='ltr'>vera</span> <span class='ocrx_word' id='word_1_169' title='bbox 1080 1673 1227 1714; x_wconf 74' lang='lat' dir='ltr'>timore</span> <span class='ocrx_word' id='word_1_170' title='bbox 1258 1676 1404 1726; x_wconf 75' lang='lat' dir='ltr'>teyam,</span> 
     </span>
     <span class='ocr_line' id='line_1_23' title="bbox 331 1742 1383 1795; baseline 0.001 -11"><span class='ocrx_word' id='word_1_171' title='bbox 331 1742 419 1784; x_wconf 85' lang='lat' dir='ltr'>Nee</span> <span class='ocrx_word' id='word_1_172' title='bbox 449 1744 487 1784; x_wconf 77' lang='lat' dir='ltr'>si</span> <span class='ocrx_word' id='word_1_173' title='bbox 518 1756 579 1784; x_wconf 81' lang='lat' dir='ltr'>me</span> <span class='ocrx_word' id='word_1_174' title='bbox 611 1742 778 1795; x_wconf 75' lang='lat' dir='ltr'>infestis</span> <span class='ocrx_word' id='word_1_175' title='bbox 810 1743 1043 1794; x_wconf 71' lang='lat' dir='ltr'>discerpent</span> <span class='ocrx_word' id='word_1_176' title='bbox 1073 1742 1217 1784; x_wconf 76' lang='lat' dir='ltr'>sidera</span> <span class='ocrx_word' id='word_1_177' title='bbox 1249 1744 1383 1794; x_wconf 65' lang='lat' dir='ltr'>dictis,</span> 
     </span>
     <span class='ocr_line' id='line_1_24' title="bbox 394 1812 1321 1868; baseline 0 -14"><span class='ocrx_word' id='word_1_178' title='bbox 394 1812 573 1855; x_wconf 78' lang='lat' dir='ltr'>Condita</span> <span class='ocrx_word' id='word_1_179' title='bbox 606 1813 711 1865; x_wconf 75' lang='lat' dir='ltr'>quin</span> <span class='ocrx_word' id='word_1_180' title='bbox 741 1813 852 1854; x_wconf 73' lang='lat' dir='ltr'>verez&#39;</span> <span class='ocrx_word' id='word_1_181' title='bbox 876 1814 1061 1864; x_wconf 71' lang='lat' dir='ltr'>pectoris</span> <span class='ocrx_word' id='word_1_182' title='bbox 1093 1813 1321 1868; x_wconf 80' lang='lat' dir='ltr'>evoluam),</span> 
     </span>
     <span class='ocr_line' id='line_1_25' title="bbox 246 1883 1557 1938; baseline 0 -12"><span class='ocrx_word' id='word_1_183' title='bbox 246 1890 298 1926; x_wconf 81' lang='lat'>75</span> <span class='ocrx_word' id='word_1_184' title='bbox 332 1883 431 1925; x_wconf 83' lang='lat' dir='ltr'>Non</span> <span class='ocrx_word' id='word_1_185' title='bbox 463 1883 528 1924; x_wconf 69' lang='lat' dir='ltr'>his</span> <span class='ocrx_word' id='word_1_186' title='bbox 560 1886 646 1924; x_wconf 83' lang='lat' dir='ltr'>tam</span> <span class='ocrx_word' id='word_1_187' title='bbox 679 1883 809 1924; x_wconf 75' lang='lat' dir='ltr'>laetor</span> <span class='ocrx_word' id='word_1_188' title='bbox 839 1883 962 1924; x_wconf 70' lang='lat' dir='ltr'>rebus</span> <span class='ocrx_word' id='word_1_189' title='bbox 994 1897 1121 1936; x_wconf 73' lang='lat' dir='ltr'>quam</span> <span class='ocrx_word' id='word_1_190' title='bbox 1152 1898 1216 1925; x_wconf 83' lang='lat' dir='ltr'>me</span> <span class='ocrx_word' id='word_1_191' title='bbox 1247 1885 1364 1936; x_wconf 79' lang='lat' dir='ltr'>afore</span> <span class='ocrx_word' id='word_1_192' title='bbox 1396 1899 1557 1938; x_wconf 73' lang='lat' dir='ltr'>semper</span> 
     </span>
     <span class='ocr_line' id='line_1_26' title="bbox 389 1954 1356 2007; baseline 0.001 -12"><span class='ocrx_word' id='word_1_193' title='bbox 389 1954 521 2007; x_wconf 85' lang='lat' dir='ltr'>Afore</span> <span class='ocrx_word' id='word_1_194' title='bbox 551 1967 615 1995; x_wconf 82' lang='lat' dir='ltr'>me</span> <span class='ocrx_word' id='word_1_195' title='bbox 647 1967 674 1994; x_wconf 77' lang='lat' dir='ltr'><em>a</em></span> <span class='ocrx_word' id='word_1_196' title='bbox 706 1954 900 1995; x_wconf 81' lang='lat' dir='ltr'>dominae</span> <span class='ocrx_word' id='word_1_197' title='bbox 930 1955 1080 1996; x_wconf 76' lang='lat' dir='ltr'>vertice</span> <span class='ocrx_word' id='word_1_198' title='bbox 1112 1954 1356 2005; x_wconf 64' lang='lat' dir='ltr'>discrucior,</span> 
     </span>
     <span class='ocr_line' id='line_1_27' title="bbox 95 2095 1713 2148; baseline 0.002 -12"><span class='ocrx_word' id='word_1_199' title='bbox 95 2095 364 2137; x_wconf 87' lang='lat' dir='ltr'>Parenthesis</span> <span class='ocrx_word' id='word_1_200' title='bbox 396 2096 522 2136; x_wconf 89' lang='lat' dir='ltr'>huius</span> <span class='ocrx_word' id='word_1_201' title='bbox 554 2096 652 2145; x_wconf 84' lang='lat' dir='ltr'>loci,</span> <span class='ocrx_word' id='word_1_202' title='bbox 690 2096 732 2136; x_wconf 92' lang='lat' dir='ltr'>in</span> <span class='ocrx_word' id='word_1_203' title='bbox 766 2108 849 2148; x_wconf 89' lang='lat' dir='ltr'>qua</span> <span class='ocrx_word' id='word_1_204' title='bbox 880 2107 998 2137; x_wconf 89' lang='lat' dir='ltr'>coma</span> <span class='ocrx_word' id='word_1_205' title='bbox 1031 2098 1204 2137; x_wconf 77' lang='lat' dir='ltr'>excusat</span> <span class='ocrx_word' id='word_1_206' title='bbox 1235 2097 1457 2137; x_wconf 84' lang='lat' dir='ltr'>verborum</span> <span class='ocrx_word' id='word_1_207' title='bbox 1490 2110 1526 2138; x_wconf 75' lang='lat' dir='ltr'>v.</span> <span class='ocrx_word' id='word_1_208' title='bbox 1561 2102 1626 2139; x_wconf 83' lang='lat'>75.</span> <span class='ocrx_word' id='word_1_209' title='bbox 1662 2103 1713 2140; x_wconf 82' lang='lat'>76</span> 
     </span>
     <span class='ocr_line' id='line_1_28' title="bbox 97 2166 1715 2219; baseline 0.001 -12"><span class='ocrx_word' id='word_1_210' title='bbox 97 2167 363 2218; x_wconf 90' lang='lat' dir='ltr'>sequentium</span> <span class='ocrx_word' id='word_1_211' title='bbox 395 2167 674 2214; x_wconf 87' lang='lat' dir='ltr'>atrocitatem,</span> <span class='ocrx_word' id='word_1_212' title='bbox 705 2166 872 2207; x_wconf 89' lang='lat' dir='ltr'>initium</span> <span class='ocrx_word' id='word_1_213' title='bbox 895 2167 1006 2219; x_wconf 88' lang='lat' dir='ltr'>capit</span> <span class='ocrx_word' id='word_1_214' title='bbox 1029 2179 1053 2207; x_wconf 89' lang='lat' dir='ltr'>a</span> <span class='ocrx_word' id='word_1_215' title='bbox 1075 2179 1199 2207; x_wconf 81' lang='lat' dir='ltr'>versu</span> <span class='ocrx_word' id='word_1_216' title='bbox 1224 2172 1289 2216; x_wconf 82' lang='lat'>72,</span> <span class='ocrx_word' id='word_1_217' title='bbox 1321 2179 1403 2208; x_wconf 90' lang='lat' dir='ltr'>non</span> <span class='ocrx_word' id='word_1_218' title='bbox 1436 2179 1459 2208; x_wconf 91' lang='lat' dir='ltr'>a</span> <span class='ocrx_word' id='word_1_219' title='bbox 1491 2179 1615 2208; x_wconf 74' lang='lat' dir='ltr'>versu</span> <span class='ocrx_word' id='word_1_220' title='bbox 1650 2174 1715 2211; x_wconf 88' lang='grc'>71.</span> 
     </span>
     <span class='ocr_line' id='line_1_29' title="bbox 94 2236 1715 2290; baseline 0.001 -12"><span class='ocrx_word' id='word_1_221' title='bbox 94 2236 176 2278; x_wconf 88' lang='lat' dir='ltr'>Hic</span> <span class='ocrx_word' id='word_1_222' title='bbox 207 2237 318 2278; x_wconf 88' lang='lat' dir='ltr'>enim</span> <span class='ocrx_word' id='word_1_223' title='bbox 350 2237 553 2290; x_wconf 82' lang='lat' dir='ltr'>excipitur</span> <span class='ocrx_word' id='word_1_224' title='bbox 585 2237 678 2290; x_wconf 88' lang='lat' dir='ltr'>ipsa</span> <span class='ocrx_word' id='word_1_225' title='bbox 709 2249 851 2278; x_wconf 89' lang='lat' dir='ltr'>comae</span> <span class='ocrx_word' id='word_1_226' title='bbox 885 2237 1069 2277; x_wconf 89' lang='lat' dir='ltr'>oratione</span> <span class='ocrx_word' id='word_1_227' title='bbox 1102 2237 1144 2277; x_wconf 90' lang='lat' dir='ltr'>in</span> <span class='ocrx_word' id='word_1_228' title='bbox 1177 2250 1212 2278; x_wconf 73' lang='lat' dir='ltr'>v.</span> <span class='ocrx_word' id='word_1_229' title='bbox 1247 2241 1299 2279; x_wconf 83' lang='lat'>75</span> <span class='ocrx_word' id='word_1_230' title='bbox 1313 2249 1402 2290; x_wconf 89' lang='lat' dir='ltr'>sqq.</span> <span class='ocrx_word' id='word_1_231' title='bbox 1467 2237 1547 2279; x_wconf 85' lang='lat' dir='ltr'>Sed</span> <span class='ocrx_word' id='word_1_232' title='bbox 1579 2238 1639 2279; x_wconf 89' lang='lat' dir='ltr'>ita</span> <span class='ocrx_word' id='word_1_233' title='bbox 1672 2250 1715 2279; x_wconf 91' lang='lat' dir='ltr'>se</span> 
     </span>
     <span class='ocr_line' id='line_1_30' title="bbox 96 2309 437 2349; baseline 0 -2"><span class='ocrx_word' id='word_1_234' title='bbox 96 2309 268 2349; x_wconf 79' lang='lat' dir='ltr'>excusat</span> <span class='ocrx_word' id='word_1_235' title='bbox 299 2319 437 2349; x_wconf 88' lang='lat' dir='ltr'>coma:</span> 
     </span>
     <span class='ocr_line' id='line_1_31' title="bbox 494 2376 1289 2431; baseline 0 -13"><span class='ocrx_word' id='word_1_236' title='bbox 494 2389 562 2430; x_wconf 68' lang='lat' dir='ltr'>eqo</span> <span class='ocrx_word' id='word_1_237' title='bbox 599 2390 684 2419; x_wconf 89' lang='lat' dir='ltr'>non</span> <span class='ocrx_word' id='word_1_238' title='bbox 715 2376 806 2418; x_wconf 79' lang='lat' dir='ltr'>ulla</span> <span class='ocrx_word' id='word_1_239' title='bbox 837 2391 937 2418; x_wconf 80' lang='lat' dir='ltr'>vera</span> <span class='ocrx_word' id='word_1_240' title='bbox 969 2377 1114 2418; x_wconf 77' lang='lat' dir='ltr'>timore</span> <span class='ocrx_word' id='word_1_241' title='bbox 1145 2380 1289 2431; x_wconf 69' lang='lat' dir='ltr'>teyam,</span> 
     </span>
     <span class='ocr_line' id='line_1_32' title="bbox 96 2447 610 2498; baseline 0 -9"><span class='ocrx_word' id='word_1_242' title='bbox 96 2447 181 2489; x_wconf 87' lang='lat' dir='ltr'>sive</span> <span class='ocrx_word' id='word_1_243' title='bbox 211 2460 295 2489; x_wconf 91' lang='lat' dir='ltr'>non</span> <span class='ocrx_word' id='word_1_244' title='bbox 327 2448 610 2498; x_wconf 90' lang='lat' dir='ltr'>dissimulabo,</span> 
     </span>
     <span class='ocr_line' id='line_1_33' title="bbox 376 2517 1432 2571; baseline 0.001 -13"><span class='ocrx_word' id='word_1_245' title='bbox 376 2517 463 2559; x_wconf 86' lang='lat' dir='ltr'>Nee</span> <span class='ocrx_word' id='word_1_246' title='bbox 494 2518 533 2559; x_wconf 75' lang='lat' dir='ltr'>si</span> <span class='ocrx_word' id='word_1_247' title='bbox 565 2532 627 2559; x_wconf 87' lang='lat' dir='ltr'>me</span> <span class='ocrx_word' id='word_1_248' title='bbox 659 2518 827 2571; x_wconf 79' lang='lat' dir='ltr'>infestis</span> <span class='ocrx_word' id='word_1_249' title='bbox 858 2518 1092 2570; x_wconf 71' lang='lat' dir='ltr'>discerpent</span> <span class='ocrx_word' id='word_1_250' title='bbox 1120 2518 1265 2559; x_wconf 80' lang='lat' dir='ltr'>sidera</span> <span class='ocrx_word' id='word_1_251' title='bbox 1297 2518 1432 2569; x_wconf 77' lang='lat' dir='ltr'>dietis,</span> 
     </span>
     <span class='ocr_line' id='line_1_34' title="bbox 94 2581 1716 2649; baseline 0.001 -20"><span class='ocrx_word' id='word_1_252' title='bbox 94 2588 119 2628; x_wconf 88' lang='lat' dir='ltr'>i.</span> <span class='ocrx_word' id='word_1_253' title='bbox 153 2600 185 2629; x_wconf 93' lang='lat' dir='ltr'>e.</span> <span class='ocrx_word' id='word_1_254' title='bbox 216 2601 292 2629; x_wconf 93' lang='lat' dir='ltr'>nec</span> <span class='ocrx_word' id='word_1_255' title='bbox 323 2590 486 2641; x_wconf 86' lang='lat' dir='ltr'>tegam,</span> <span class='ocrx_word' id='word_1_256' title='bbox 528 2589 563 2630; x_wconf 93' lang='lat' dir='ltr'>si</span> <span class='ocrx_word' id='word_1_257' title='bbox 595 2591 637 2630; x_wconf 92' lang='lat' dir='ltr'>et</span> <span class='ocrx_word' id='word_1_258' title='bbox 670 2601 707 2642; x_wconf 89' lang='lat' dir='ltr'>q.</span> <span class='ocrx_word' id='word_1_259' title='bbox 740 2602 771 2630; x_wconf 92' lang='lat' dir='ltr'>s.</span> <span class='ocrx_word' id='word_1_260' title='bbox 832 2589 943 2630; x_wconf 84' lang='lat' dir='ltr'>Nam</span> <span class='ocrx_word' id='word_1_261' title='bbox 975 2589 1079 2630; x_wconf 89' lang='lat' dir='ltr'>illud</span> <span class='ocrx_word' id='word_1_262' title='bbox 1116 2581 1234 2649; x_wconf 52' lang='lat' dir='ltr'>‘nec&#39;</span> <span class='ocrx_word' id='word_1_263' title='bbox 1268 2602 1352 2630; x_wconf 91' lang='lat' dir='ltr'>non</span> <span class='ocrx_word' id='word_1_264' title='bbox 1395 2589 1617 2631; x_wconf 87' lang='lat' dir='ltr'>adhibetur</span> <span class='ocrx_word' id='word_1_265' title='bbox 1647 2590 1716 2632; x_wconf 91' lang='lat' dir='ltr'>hic</span> 
     </span>
     <span class='ocr_line' id='line_1_35' title="bbox 95 2651 1714 2720; baseline 0.001 -21"><span class='ocrx_word' id='word_1_266' title='bbox 95 2670 191 2699; x_wconf 91' lang='lat' dir='ltr'>cum</span> <span class='ocrx_word' id='word_1_267' title='bbox 222 2659 389 2700; x_wconf 85' lang='lat' dir='ltr'>notione</span> <span class='ocrx_word' id='word_1_268' title='bbox 426 2671 493 2720; x_wconf 50' lang='lat' dir='ltr'>‘ne</span> <span class='ocrx_word' id='word_1_269' title='bbox 517 2690 551 2699; x_wconf 91' lang='lat'>..</span> <span class='ocrx_word' id='word_1_270' title='bbox 584 2651 788 2712; x_wconf 76' lang='lat' dir='ltr'>quidem&#39;‚</span> <span class='ocrx_word' id='word_1_271' title='bbox 822 2660 920 2712; x_wconf 89' lang='lat' dir='ltr'>quia</span> <span class='ocrx_word' id='word_1_272' title='bbox 950 2660 986 2700; x_wconf 87' lang='lat' dir='ltr'>is</span> <span class='ocrx_word' id='word_1_273' title='bbox 1019 2671 1120 2700; x_wconf 88' lang='lat' dir='ltr'>usus</span> <span class='ocrx_word' id='word_1_274' title='bbox 1144 2671 1168 2700; x_wconf 90' lang='lat' dir='ltr'>a</span> <span class='ocrx_word' id='word_1_275' title='bbox 1190 2659 1347 2701; x_wconf 88' lang='lat' dir='ltr'>Catulli</span> <span class='ocrx_word' id='word_1_276' title='bbox 1379 2661 1518 2701; x_wconf 86' lang='lat' dir='ltr'>aetate</span> <span class='ocrx_word' id='word_1_277' title='bbox 1542 2661 1714 2710; x_wconf 85' lang='lat' dir='ltr'>alienus,</span> 
     </span>
     <span class='ocr_line' id='line_1_36' title="bbox 96 2729 1713 2783; baseline 0.001 -13"><span class='ocrx_word' id='word_1_278' title='bbox 96 2730 162 2770; x_wconf 86' lang='lat' dir='ltr'>est</span> <span class='ocrx_word' id='word_1_279' title='bbox 192 2729 240 2770; x_wconf 87' lang='lat' dir='ltr'>cf.</span> <span class='ocrx_word' id='word_1_280' title='bbox 273 2729 449 2770; x_wconf 77' lang='lat' dir='ltr'>Kfihner</span> <span class='ocrx_word' id='word_1_281' title='bbox 480 2730 506 2770; x_wconf 92' lang='grc'>].</span> <span class='ocrx_word' id='word_1_282' title='bbox 530 2742 562 2771; x_wconf 89' lang='lat' dir='ltr'>c.</span> <span class='ocrx_word' id='word_1_283' title='bbox 593 2730 637 2770; x_wconf 94' lang='lat' dir='ltr'>II</span> <span class='ocrx_word' id='word_1_284' title='bbox 657 2743 695 2783; x_wconf 89' lang='lat' dir='ltr'>p.</span> <span class='ocrx_word' id='word_1_285' title='bbox 719 2735 802 2772; x_wconf 86' lang='grc'>660</span> <span class='ocrx_word' id='word_1_286' title='bbox 815 2742 875 2782; x_wconf 89' lang='lat' dir='ltr'>sq.</span> <span class='ocrx_word' id='word_1_287' title='bbox 907 2730 1096 2782; x_wconf 85' lang='lat' dir='ltr'>Draeger</span> <span class='ocrx_word' id='word_1_288' title='bbox 1127 2730 1153 2770; x_wconf 91' lang='lat'>1.</span> <span class='ocrx_word' id='word_1_289' title='bbox 1176 2742 1208 2771; x_wconf 91' lang='lat' dir='ltr'>c.</span> <span class='ocrx_word' id='word_1_290' title='bbox 1239 2729 1305 2770; x_wconf 80' lang='grc' dir='ltr'>Π2</span> <span class='ocrx_word' id='word_1_291' title='bbox 1326 2743 1364 2783; x_wconf 90' lang='lat' dir='ltr'>p.</span> <span class='ocrx_word' id='word_1_292' title='bbox 1390 2735 1439 2772; x_wconf 89' lang='grc'>71</span> <span class='ocrx_word' id='word_1_293' title='bbox 1455 2742 1544 2783; x_wconf 89' lang='lat' dir='ltr'>sqq.</span> <span class='ocrx_word' id='word_1_294' title='bbox 1597 2730 1713 2781; x_wconf 82' lang='lat' dir='ltr'>Quae</span> 
     </span>
    </p>
   </div>
   <div class='ocr_carea' id='block_1_5' title="bbox 95 2798 1429 2904">
    <p class='ocr_par' dir='ltr' id='par_1_5' title="bbox 95 2798 1429 2904">
     <span class='ocr_line' id='line_1_37' title="bbox 95 2798 1168 2854; baseline 0.001 -15"><span class='ocrx_word' id='word_1_295' title='bbox 95 2798 319 2849; x_wconf 87' lang='lat' dir='ltr'>adduntur,</span> <span class='ocrx_word' id='word_1_296' title='bbox 350 2801 400 2841; x_wconf 88' lang='lat' dir='ltr'>ut</span> <span class='ocrx_word' id='word_1_297' title='bbox 433 2800 521 2841; x_wconf 88' lang='lat' dir='ltr'>eius</span> <span class='ocrx_word' id='word_1_298' title='bbox 553 2800 822 2854; x_wconf 87' lang='lat' dir='ltr'>professionis</span> <span class='ocrx_word' id='word_1_299' title='bbox 855 2801 917 2842; x_wconf 87' lang='lat' dir='ltr'>vis</span> <span class='ocrx_word' id='word_1_300' title='bbox 950 2800 1168 2852; x_wconf 85' lang='lat' dir='ltr'>augeatur.</span> 
     </span>
     <span class='ocr_line' id='line_1_38' title="bbox 1381 2870 1429 2904; baseline 0 -17"><span class='ocrx_word' id='word_1_301' title='bbox 1381 2870 1429 2904; x_wconf 74' lang='grc'>9*</span> 
     </span>
    </p>
   </div>
  </div>
 </body>
</html>
