2013 3223
1030 135 1081 169 12

251 258 434 310 quadarn
466 259 508 298 in
539 260 734 310 parentes
766 269 896 298 novae
928 258 1086 309 nuptae
1119 255 1341 308 conspicua
1372 255 1433 296 ita
1470 257 1519 296 ut
1549 255 1708 297 faciunt
1738 256 1868 297 inter-

248 330 484 381 pretantur,
532 328 636 368 illud
687 339 869 379 quoque,
922 326 1033 378 quod
1080 327 1278 379 parentes
1327 338 1409 365 sua
1458 325 1560 365 iura
1603 339 1750 378 yenero
1797 326 1866 366 de-

250 398 401 439 derunt
440 399 605 452 planius
648 398 705 437 fit.
785 397 865 437 Sed
914 397 963 437 de
1016 397 1102 437 eius
1144 408 1290 437 versus
1330 396 1573 449 integritate
1621 409 1742 437 nemo
1781 396 1865 438 fere

250 470 428 522 amplius
462 470 544 509 iam
578 468 797 515 dubitabit,
829 467 910 506 nisi
942 467 1008 507 cui
1040 467 1081 507 in
1115 468 1227 508 omni
1268 467 1612 520 interpretatione
1652 467 1757 507 illud
1798 467 1868 508 de-

249 539 453 580 stinatum
486 539 566 578 esti
599 538 732 586 „alles
762 537 1046 578 entbehrliche
1078 538 1134 578 ist
1168 537 1428 590 iiberfliissig,
1462 538 1564 578 alles
1594 536 1867 587 iiberfliissige

249 609 429 657 sttwend,
463 609 564 649 alles
601 607 793 648 storende
826 608 1034 655 unecht“;
1069 621 1196 660 quam
1225 608 1277 649 ad
1298 620 1489 648 normam
1510 608 1711 648 iudicium
1743 620 1868 648 suum

251 679 434 731 derigere
467 679 839 731 interpolationum
877 679 1097 719 rimatores
1129 680 1254 719 nimis
1293 682 1436 719 acutos
1467 679 1705 731 nuperrime
1737 678 1869 719 Wila-

249 749 410 789 mowitz
444 761 539 789 cum
572 749 843 800 castigatione
876 749 1051 789 monuit.

367 888 559 929 Profecta
592 891 656 929 est
688 889 791 930 haec
830 889 1060 942 disputatio
1104 889 1154 930 ab
1196 890 1356 930 ultimis
1399 889 1609 937 versibus,
1652 889 1749 940 quia
1787 889 1869 929 nisi

248 959 345 1000 hinc
377 964 418 999 et
451 959 621 1011 reliquis
655 961 697 1000 et
727 960 927 1013 prooemii
959 960 1092 1000 ordini
1123 960 1194 1000 lux
1227 959 1477 1008 affunditur,
1510 960 1639 1000 totius
1673 959 1870 1000 carminis

249 1029 466 1082 dispositio
498 1030 540 1070 in
573 1031 745 1071 obscuro
777 1032 932 1071 manet.
994 1031 1061 1071 Ita
1094 1043 1189 1071 vero
1222 1043 1287 1071 res
1322 1043 1364 1071 se
1404 1031 1533 1071 habet
1573 1042 1709 1082 neque
1751 1029 1870 1071 dubi-

248 1102 389 1140 tamus
421 1113 532 1141 nunc
563 1101 668 1141 illud
701 1101 864 1149 addere,
899 1101 969 1153 qui
1002 1102 1110 1142 hanc
1143 1102 1396 1142 sententiam
1429 1101 1478 1142 de
1521 1099 1679 1154 epilogo
1722 1113 1870 1154 propo-

249 1171 373 1211 sitam
404 1171 663 1223 probaverit‚
697 1184 793 1212 eum
826 1172 1239 1225 cogicomprobare,
1273 1185 1379 1224 quae
1413 1171 1461 1212 de
1483 1171 1692 1223 prooemii
1723 1171 1871 1212 ordine

247 1253 341 1281 mox
373 1240 644 1293 proferemus.

365 1312 456 1352 Iam
489 1312 672 1365 primum
706 1313 893 1353 omnium
927 1313 961 1353 si
985 1313 1154 1365 quidem
1176 1313 1425 1353 ultimarum
1446 1313 1630 1365 partium
1651 1312 1867 1365 responsio

249 1383 360 1422 recte
393 1383 624 1423 constituta
657 1385 740 1432 est,
784 1383 981 1436 quoniam
1023 1396 1094 1424 eae
1136 1384 1178 1423 in
1220 1396 1352 1423 unum
1395 1386 1581 1436 systema
1622 1383 1869 1424 coniunctae

248 1465 371 1493 versu
403 1453 473 1493 illo
507 1453 772 1503 clauduntur,
807 1454 877 1506 qui
918 1466 1052 1506 usque
1094 1466 1311 1494 recurrens
1353 1454 1548 1494 carminis
1591 1453 1805 1494 a-moebaei
1845 1465 1870 1493 a

248 1536 370 1564 versu
404 1529 458 1566 20
491 1524 727 1577 incipientis
762 1525 954 1577 strophas
988 1525 1208 1573 concludit,
1241 1525 1345 1564 illud
1374 1527 1484 1565 certe
1509 1524 1698 1576 sequitur
1720 1524 1869 1564 ultimo

251 1595 475 1647 systemati
525 1596 650 1636 aliam
706 1597 869 1648 partem
916 1596 1077 1635 nullam
1128 1595 1379 1648 respondere
1426 1607 1547 1648 posse
1594 1595 1675 1635 nisi
1721 1606 1869 1635 versus

250 1671 433 1715 11—19‚
467 1679 570 1718 quos
593 1667 793 1707 iuvenum
826 1679 916 1707 esse
950 1667 1140 1707 omnibus
1175 1668 1339 1707 constat
1371 1666 1510 1707 necin
1534 1665 1707 1705 dubium
1730 1664 1871 1706 vocari

246 1748 367 1789 posse
400 1737 576 1777 videtur.
641 1736 854 1777 Schwabei
886 1738 1070 1778 recensio
1105 1749 1172 1778 eos
1207 1738 1265 1777 sic
1299 1737 1485 1777 exhibet:

398 1814 446 1848 11
481 1806 580 1848 Non
610 1806 754 1859 fctcibis
785 1807 913 1856 nobis,
947 1806 1151 1859 aequatis,
1182 1805 1329 1858 palma
1353 1808 1518 1857 parata
1549 1809 1630 1846 est:

481 1878 684 1929 Aspicite,
717 1877 922 1928 innuptae
953 1891 1090 1918 secum
1121 1879 1168 1917 ut
1199 1877 1401 1917 meditata
1434 1877 1668 1928 rcqnirzmt.

482 1948 581 1989 Non
612 1949 778 2000 frustra
808 1948 1068 1989 meditantur
1081 1966 1093 1989 .·
1124 1948 1274 1988 liabent
1305 1947 1570 1988 memorabile
1601 1947 1712 2000 quod
1742 1946 1808 1987 sit.

483 2019 570 2060 Nec
602 2020 768 2069 mirum,
792 2019 967 2070 penitus
999 2033 1106 2071 quae
1137 2022 1224 2059 tota
1256 2021 1386 2059 mente
1418 2018 1623 2059 laborant.

399 2096 448 2132 15
482 2090 571 2130 Nos
603 2090 686 2132 alio
718 2093 882 2139 mentes,
916 2090 1002 2130 azio
1034 2089 1258 2130 divisimus
1291 2103 1439 2131 aures:

484 2161 588 2202 Iure
623 2161 752 2214 iyitur
782 2163 1018 2202 vincemur:
1052 2163 1168 2201 (emat
1198 2161 1377 2201 victoria
1408 2174 1565 2202 curcmn.

487 2234 630 2284 Quare
660 2246 773 2273 nunc
805 2238 966 2273 (ioiimos
996 2232 1143 2273 saltem
1174 2232 1411 2273 committite
1442 2234 1619 2272 vestros:

483 2302 637 2344 Dicere
668 2303 757 2344 iam
788 2303 1004 2354 incipient,
1037 2303 1126 2343 icem
1158 2302 1405 2354 respondere
1437 2301 1597 2343 decebit.

484 2373 653 2426 Hymen
686 2387 706 2414 o
738 2374 993 2427 Hymenaee,
1026 2373 1206 2425 Hymen,
1240 2373 1340 2413 (tates
1372 2386 1392 2413 o
1425 2373 1681 2426 Hymenaee.

370 2444 449 2484 Sed
487 2445 583 2485 huic
625 2446 805 2498 opinioni
847 2446 984 2486 certae
1025 2445 1206 2485 rationes
1246 2445 1426 2485 obstant.
1499 2444 1608 2484 Nam
1648 2444 1682 2483 si
1722 2455 1869 2484 verum

250 2526 339 2555 esse
373 2527 602 2564 sumamus,
635 2516 709 2556 hos
742 2529 887 2556 versus
930 2516 1130 2556 iuvenum
1170 2517 1339 2555 tantum
1381 2527 1491 2563 esse,
1533 2516 1656 2567 poeta
1698 2514 1869 2555 consilio

250 2598 323 2626 suo
356 2585 397 2624 in
430 2586 520 2638 ipsa
551 2587 665 2638 poesi
695 2600 779 2627 non
811 2600 887 2640 par
919 2587 1046 2627 fuisse
1080 2586 1380 2627 existimandus
1423 2586 1502 2626 erit
1541 2598 1589 2626 ea-
1631 2585 1680 2626 de
1727 2597 1867 2634 causa,

250 2656 447 2708 quoniam
481 2659 604 2696 antea
638 2658 687 2698 ab
720 2658 837 2698 initio
869 2658 1047 2698 invicem
1080 2658 1250 2697 iuvenes
1284 2660 1325 2697 et
1347 2657 1512 2709 puellae
1536 2656 1692 2705 dicunt,
1723 2657 1868 2708 postea

251 2728 391 2767 autem
431 2729 643 2767 certamen
684 2728 789 2768 illud
831 2741 855 2769 a
897 2729 1059 2769 duabus
1099 2728 1164 2768 his
1205 2728 1395 2781 partibus
1437 2728 1567 2767 initur
1608 2728 1802 2779 coeptum
1843 2737 1869 2766 a

248 2797 411 2850 puellis.
473 2797 552 2838 Hic
584 2798 695 2838 enim
728 2799 951 2850 singularis
984 2799 1182 2839 iuvenum
1216 2800 1376 2847 cantus,
1412 2810 1491 2850 quo
1526 2797 1699 2838 actionis
1722 2808 1870 2849 perpe-
