2013 3223
1090 136 1141 173 32

297 261 384 314 yite
415 274 496 303 non
530 262 581 302 ad
614 274 760 302 cenam
793 262 888 300 ante
922 262 1088 312 tempus
1121 259 1312 300 relictam
1344 261 1564 313 pertinere,
1598 262 1695 314 quia
1726 263 1926 304 iuvenum

305 345 470 384 quoque
504 332 630 385 dapes
664 332 856 383 peractae
890 329 1129 381 finguntur,
1179 329 1250 370 sed
1283 331 1419 371 notari
1459 332 1638 373 maxime
1673 345 1765 373 eam
1798 334 1924 374 actio-

302 416 412 451 nem,
447 415 551 454 quae
575 400 810 442 voluntaria
834 401 875 440 et
898 400 1098 451 singulari
1133 400 1414 442 admonitione
1438 402 1562 442 unius
1597 402 1772 444 alicuius
1796 405 1926 445 semel

304 474 501 526 suscepta
518 473 575 520 fit,
593 471 662 511 ubi
680 482 901 522 vesperum
919 469 1189 522 effulgentem
1207 471 1329 518 vidit;
1353 484 1520 524 surgere
1534 474 1676 514 autem
1694 474 1926 527 simplicem

303 544 512 584 actionem
536 542 719 588 denotat,
744 552 849 592 quae
870 552 889 580 e
909 541 1120 580 communi
1141 540 1189 581 fit
1211 542 1512 582 consuetudine
1532 544 1574 583 et
1596 555 1679 583 una
1702 544 1844 596 aliqua
1862 546 1927 586 est

302 626 325 654 e
350 613 482 654 solitis
507 612 760 657 actionibus;
793 622 876 650 non
908 610 1037 662 igitur
1060 623 1108 651 ea
1130 612 1236 652 actio
1258 612 1414 664 pendet
1446 625 1469 653 a
1490 613 1691 654 iuvenum
1723 615 1897 656 actione.

421 684 512 723 Iam
545 695 640 723 vero
673 681 864 733 sequenti
897 681 1070 734 stropha
1103 682 1209 722 actio
1241 685 1510 734 promovetur
1540 684 1611 733 ita,
1644 686 1692 725 ut
1725 685 1832 726 alter
1865 686 1925 726 al-

301 756 442 795 terum
481 754 654 794 chorum
694 752 899 805 respicere
942 752 1025 792 iam
1067 752 1250 805 incipiat.
1311 754 1450 804 Atque
1491 754 1579 794 eius
1622 756 1681 795 rei
1724 756 1843 808 signa
1885 757 1927 798 et

303 825 459 865 indicia
480 824 522 864 in
544 823 644 876 ipsis
668 823 933 864 cantantium
951 823 1087 863 verbis
1111 823 1247 875 posita
1266 824 1488 876 conspicua
1511 826 1611 865 sunt
1633 826 1676 866 et
1691 827 1927 867 manifesta.

421 895 592 935 Puellae
627 894 734 934 enim
767 894 852 934 iam
880 894 1080 934 iuvenum
1113 894 1273 934 actione
1308 894 1599 935 animadversa
1642 897 1683 936 et
1725 898 1927 938 concentu

301 966 458 1014 audito,
490 966 539 1005 ut
570 977 645 1018 par
679 966 753 1013 est,
787 964 995 1004 actionem
1018 964 1228 1017 excipiunt
1261 966 1303 1005 et
1336 965 1595 1006 continuant.
1637 966 1753 1007 Nihil
1786 968 1928 1008 autem

300 1037 356 1078 ad
390 1037 499 1077 hanc
530 1048 619 1077 rem
653 1035 792 1088 aptius
826 1036 891 1075 est
924 1047 1051 1086 quam
1083 1035 1187 1075 illud
1219 1035 1260 1075 in
1293 1049 1329 1075 v.
1365 1042 1386 1077 6
1422 1036 1604 1076 dictum:

776 1104 970 1155 Cernitz's,
1004 1105 1223 1156 innuptae,
1256 1105 1459 1146 iamnes?

302 1191 358 1219 sc.
392 1177 491 1230 quid
524 1178 673 1229 agant,
714 1178 756 1217 et
799 1176 896 1228 quia
933 1176 998 1216 illi
1031 1178 1401 1225 consurrexerunt,
1442 1177 1519 1218 hae
1554 1177 1719 1218 dicunt:
1753 1177 1924 1231 proinde

299 1248 537 1300 consumite
569 1249 724 1288 contra.
772 1247 888 1288 Haec
920 1247 1031 1288 enim
1064 1247 1272 1300 scriptura
1305 1248 1455 1288 codicis
1488 1248 1525 1287 V
1559 1261 1653 1289 vere
1688 1247 1928 1289 Catulliana

303 1321 380 1361 est.
449 1319 588 1360 Habet
647 1320 790 1358 autem
831 1318 958 1358 codex
1010 1318 1063 1366 T,
1112 1320 1160 1358 ut
1215 1319 1427 1358 monstrat
1471 1319 1615 1359 tabula
1662 1318 1762 1358 XIV
1811 1320 1927 1360 Aem.

302 1390 541 1431 Chatelanii
578 1390 620 1429 in
659 1389 983 1442 palaeographia
1032 1389 1192 1429 classic.
1233 1389 1350 1429 latin.
1394 1389 1590 1441 consumi
1629 1391 1801 1439 cratera,
1845 1402 1929 1430 non

305 1461 416 1513 quod
458 1460 594 1513 magis
651 1459 917 1501 commodum
968 1459 1225 1500 Baehrensio
1280 1461 1370 1500 erat
1417 1459 1483 1513 (cf.
1536 1472 1684 1501 comm.
1735 1473 1774 1513 p.
1827 1460 1928 1513 323)

300 1543 479 1583 consury
511 1531 528 1571 i
560 1533 728 1571 aretem..
790 1530 887 1570 Iure
922 1530 1090 1582 quidem
1122 1531 1156 1570 is
1189 1542 1435 1582 consumere
1467 1533 1612 1570 contra
1644 1531 1783 1579 reicit,
1817 1531 1927 1582 quod

302 1602 463 1643 codices
486 1590 728 1655 interpolati
750 1602 962 1654 praebent,
996 1601 1069 1642 sed
1092 1601 1191 1653 quid
1214 1614 1356 1642 rerum
1388 1614 1546 1642 conexu
1566 1602 1805 1654 postuletur
1836 1602 1924 1654 ipse

304 1673 484 1714 insciens
527 1672 683 1724 arguit,
731 1685 827 1712 cum
868 1672 933 1712 his
966 1672 1101 1712 verbis
1135 1672 1321 1724 aliquam
1360 1672 1498 1724 prodit
1539 1672 1844 1712 dubitationem
1876 1671 1926 1712 de

304 1744 482 1785 veritate
526 1743 614 1784 eius
667 1743 920 1795 scripturae:
977 1755 1081 1804 cnon
1129 1742 1418 1783 adulescentes
1471 1744 1730 1795 consurgunt
1771 1743 1928 1792 contra,

303 1814 377 1855 sed
409 1815 493 1854 iam
524 1814 687 1867 puellae
721 1813 998 1866 (quamquam
1029 1813 1106 1853 hoc
1141 1813 1204 1853 vix
1235 1813 1445 1853 mentione
1477 1804 1688 1866 indiget)’.
1749 1813 1799 1853 Id
1830 1825 1927 1854 vero

304 1897 405 1926 sane
439 1884 851 1926 commemorandum
896 1886 985 1924 erat
1023 1896 1158 1936 neque
1193 1896 1240 1924 ex
1273 1884 1438 1924 silentio
1476 1885 1645 1924 tantum
1688 1884 1826 1936 colligi
1857 1883 1927 1924 de-

304 1957 442 1997 bebat.
504 1956 622 2004 Tum,
656 1955 853 2007 quoniam
886 1957 1011 1995 antea
1042 1955 1252 1995 monitum
1284 1956 1373 1995 erat
1403 1967 1623 2006 surgere
1655 1954 1743 1994 iam
1764 1957 1926 2005 tempus

303 2039 407 2073 esse,
441 2028 729 2067 commonetur
761 2039 873 2066 nunc
905 2027 952 2066 ut
984 2027 1275 2077 consur-qam.
1338 2025 1406 2065 Ita
1439 2025 1609 2065 demum
1649 2025 1787 2065 omnia
1831 2026 1926 2078 apte

303 2098 414 2138 inter
447 2110 489 2138 se
523 2099 770 2149 congruunt.
816 2096 1038 2137 Nimirum
1071 2121 1125 2125 —
1161 2109 1241 2148 quo
1274 2096 1473 2136 vocabulo
1496 2096 1538 2135 in
1561 2095 1678 2136 initio
1712 2095 1926 2147 sequentis

305 2180 451 2208 versus
501 2174 522 2209 7
573 2168 770 2208 collocato
827 2179 968 2208 veram
1023 2179 1194 2208 causam
1254 2167 1428 2207 actionis
1479 2166 1771 2207 demonstrant
1816 2178 1928 2207 nunc

305 2239 468 2291 puellae
504 2251 667 2290 quoque
701 2261 757 2266 -
790 2251 884 2278 cum
916 2238 1087 2278 iuvenes
1121 2237 1429 2278 consurrexisse
1462 2236 1653 2285 viderint,
1686 2237 1924 2289 spectantes

306 2309 470 2349 caelum
502 2309 618 2361 ipsae
651 2321 761 2349 nunc
794 2308 963 2348 demum
1003 2308 1166 2361 puellae
1205 2307 1456 2348 noctiferum
1487 2307 1726 2360 Hesperum
1767 2307 1929 2360 conspi-

306 2379 434 2419 ciunt.
495 2379 543 2419 Id
576 2380 660 2419 iam
693 2379 878 2420 Pleitner
910 2379 934 2418 l.
969 2392 1000 2419 c.
1033 2392 1070 2431 p.
1106 2384 1157 2419 64
1171 2391 1230 2431 sq.
1264 2378 1615 2419 commemoravit.

426 2450 517 2489 Iam
562 2451 596 2490 si
637 2462 781 2490 versus
818 2456 839 2491 6
874 2451 916 2490 et
950 2456 971 2490 7
1006 2449 1194 2489 indicant
1235 2449 1276 2489 id
1309 2449 1433 2497 effici,
1476 2448 1586 2500 quod
1620 2447 1726 2489 effici
1758 2449 1928 2501 propter

306 2532 453 2560 versus
489 2526 507 2560 1
545 2523 586 2561 et
620 2526 642 2561 2
684 2534 759 2561 nos
793 2522 1104 2574 exspectamus,
1145 2520 1256 2561 idem
1286 2520 1376 2560 fieri
1408 2519 1565 2560 videbis
1604 2519 1646 2559 in
1678 2519 1867 2559 versibus
1901 2523 1925 2559 8

308 2593 351 2632 et
384 2596 430 2639 9,
464 2591 498 2631 si
529 2592 752 2632 contuleris
794 2604 860 2632 res
901 2591 1106 2632 indicatas
1148 2604 1243 2632 cum
1276 2591 1464 2631 versibus
1508 2595 1530 2632 3
1565 2591 1607 2630 et
1639 2595 1676 2630 4.
1738 2587 1809 2629 Sic
1841 2601 1926 2628 cer-

304 2663 382 2702 test
419 2662 547 2714 igitur
579 2662 843 2703 referendum
877 2664 941 2703 est
964 2662 1015 2702 ad
1047 2661 1110 2710 id,
1145 2661 1255 2713 quod
1296 2673 1380 2701 una
1420 2673 1467 2701 ex
1508 2660 1658 2713 puellis
1691 2672 1763 2712 pro
1797 2658 1928 2700 omni-

307 2733 386 2773 bus
420 2732 592 2778 dixerat,
625 2733 708 2773 iam
741 2735 964 2773 venturam
997 2745 1086 2773 esse
1120 2732 1335 2784 virginem,
1379 2732 1464 2772 iam
1497 2731 1656 2771 dictum
1688 2730 1738 2769 iri
1769 2729 1929 2782 Hyme-

306 2815 473 2843 naeum.
536 2802 686 2843 Verbis
720 2805 863 2844 autem
896 2804 1090 2844 continuo
1124 2803 1442 2854 insequentibus
