<?xml version="1.0" encoding="UTF-8"?>
<!DOCTYPE html PUBLIC "-//W3C//DTD XHTML 1.0 Transitional//EN"
    "http://www.w3.org/TR/xhtml1/DTD/xhtml1-transitional.dtd">
<html xmlns="http://www.w3.org/1999/xhtml" xml:lang="en" lang="en">
 <head>
  <title>
</title>
<meta http-equiv="Content-Type" content="text/html;charset=utf-8" />
  <meta name='ocr-system' content='tesseract 3.04.00' />
  <meta name='ocr-capabilities' content='ocr_page ocr_carea ocr_par ocr_line ocrx_word'/>
</head>
<body>
  <div class='ocr_page' id='page_1' title='image "./quaestionescatul00webeuoft_0161.png"; bbox 0 0 2013 3223; ppageno 0'>
   <div class='ocr_carea' id='block_1_1' title="bbox 866 137 942 173">
    <p class='ocr_par' dir='ltr' id='par_1_1' title="bbox 866 137 942 173">
     <span class='ocr_line' id='line_1_1' title="bbox 866 137 942 173; baseline -0.013 0"><span class='ocrx_word' id='word_1_1' title='bbox 866 137 942 173; x_wconf 88' lang='lat'>141</span> 
     </span>
    </p>
   </div>
   <div class='ocr_carea' id='block_1_2' title="bbox 798 190 1005 197">
    <p class='ocr_par' dir='ltr' id='par_1_2' title="bbox 798 190 1005 197">
     <span class='ocr_line' id='line_1_2' title="bbox 798 190 1005 197; baseline 0 0"><span class='ocrx_word' id='word_1_2' title='bbox 798 190 1005 197; x_wconf 95' lang='lat' dir='ltr'> </span> 
     </span>
    </p>
   </div>
   <div class='ocr_carea' id='block_1_3' title="bbox 74 261 1711 2291">
    <p class='ocr_par' dir='ltr' id='par_1_3' title="bbox 87 261 1711 665">
     <span class='ocr_line' id='line_1_3' title="bbox 90 261 1711 317; baseline 0.001 -13"><span class='ocrx_word' id='word_1_3' title='bbox 90 274 220 316; x_wconf 87' lang='lat' dir='ltr'>supra</span> <span class='ocrx_word' id='word_1_4' title='bbox 251 275 288 315; x_wconf 91' lang='lat' dir='ltr'>p.</span> <span class='ocrx_word' id='word_1_5' title='bbox 323 266 447 313; x_wconf 82' lang='lat' dir='ltr'>76sq.</span> <span class='ocrx_word' id='word_1_6' title='bbox 484 266 563 303; x_wconf 83' lang='grc'>128</span> <span class='ocrx_word' id='word_1_7' title='bbox 577 273 666 313; x_wconf 86' lang='lat' dir='ltr'><strong>sqq.</strong></span> <span class='ocrx_word' id='word_1_8' title='bbox 700 261 934 313; x_wconf 82' lang='lat' dir='ltr'>expositum</span> <span class='ocrx_word' id='word_1_9' title='bbox 966 262 1052 308; x_wconf 82' lang='lat' dir='ltr'>est;</span> <span class='ocrx_word' id='word_1_10' title='bbox 1086 273 1185 302; x_wconf 87' lang='lat' dir='ltr'>nam</span> <span class='ocrx_word' id='word_1_11' title='bbox 1217 263 1341 315; x_wconf 90' lang='lat' dir='ltr'>poeta</span> <span class='ocrx_word' id='word_1_12' title='bbox 1380 262 1479 303; x_wconf 89' lang='lat' dir='ltr'>dicit</span> <span class='ocrx_word' id='word_1_13' title='bbox 1511 263 1590 305; x_wconf 86' lang='lat' dir='ltr'>hac</span> <span class='ocrx_word' id='word_1_14' title='bbox 1620 264 1711 317; x_wconf 92' lang='lat' dir='ltr'>ipsa</span> 
     </span>
     <span class='ocr_line' id='line_1_4' title="bbox 91 330 1710 385; baseline 0 -10"><span class='ocrx_word' id='word_1_15' title='bbox 91 346 163 382; x_wconf 89' lang='lat' dir='ltr'>re,</span> <span class='ocrx_word' id='word_1_16' title='bbox 197 332 307 385; x_wconf 88' lang='lat' dir='ltr'>quod</span> <span class='ocrx_word' id='word_1_17' title='bbox 348 331 514 372; x_wconf 86' lang='lat' dir='ltr'>saucius</span> <span class='ocrx_word' id='word_1_18' title='bbox 556 330 610 371; x_wconf 88' lang='lat' dir='ltr'>sit</span> <span class='ocrx_word' id='word_1_19' title='bbox 649 343 896 383; x_wconf 80' lang='lat' dir='ltr'>semperque</span> <span class='ocrx_word' id='word_1_20' title='bbox 944 332 1086 372; x_wconf 90' lang='lat' dir='ltr'>morbo</span> <span class='ocrx_word' id='word_1_21' title='bbox 1136 332 1221 372; x_wconf 80' lang='lat' dir='ltr'>sive</span> <span class='ocrx_word' id='word_1_22' title='bbox 1270 332 1521 384; x_wconf 78' lang='lat' dir='ltr'>aegritudini</span> <span class='ocrx_word' id='word_1_23' title='bbox 1560 333 1710 384; x_wconf 85' lang='lat' dir='ltr'>faveat,</span> 
     </span>
     <span class='ocr_line' id='line_1_5' title="bbox 89 401 1709 456; baseline 0.001 -12"><span class='ocrx_word' id='word_1_24' title='bbox 89 403 180 444; x_wconf 89' lang='lat' dir='ltr'>fieri</span> <span class='ocrx_word' id='word_1_25' title='bbox 211 404 259 443; x_wconf 94' lang='lat' dir='ltr'>ut</span> <span class='ocrx_word' id='word_1_26' title='bbox 279 402 494 443; x_wconf 86' lang='lat' dir='ltr'>Nemesim</span> <span class='ocrx_word' id='word_1_27' title='bbox 526 402 660 449; x_wconf 90' lang='lat' dir='ltr'>canat,</span> <span class='ocrx_word' id='word_1_28' title='bbox 694 401 781 441; x_wconf 89' lang='lat' dir='ltr'>sine</span> <span class='ocrx_word' id='word_1_29' title='bbox 817 413 899 452; x_wconf 89' lang='lat' dir='ltr'>qua</span> <span class='ocrx_word' id='word_1_30' title='bbox 932 401 1097 441; x_wconf 91' lang='lat' dir='ltr'>omnino</span> <span class='ocrx_word' id='word_1_31' title='bbox 1131 413 1278 443; x_wconf 88' lang='lat' dir='ltr'>canere</span> <span class='ocrx_word' id='word_1_32' title='bbox 1300 414 1382 443; x_wconf 92' lang='lat' dir='ltr'>non</span> <span class='ocrx_word' id='word_1_33' title='bbox 1404 403 1547 456; x_wconf 79' lang='lat' dir='ltr'>possit.</span> <span class='ocrx_word' id='word_1_34' title='bbox 1599 404 1709 456; x_wconf 86' lang='lat' dir='ltr'>Ergo</span> 
     </span>
     <span class='ocr_line' id='line_1_6' title="bbox 88 471 1709 526; baseline 0.001 -13"><span class='ocrx_word' id='word_1_35' title='bbox 88 474 203 526; x_wconf 88' lang='lat' dir='ltr'>prius</span> <span class='ocrx_word' id='word_1_36' title='bbox 235 473 472 513; x_wconf 83' lang='lat' dir='ltr'>membrum</span> <span class='ocrx_word' id='word_1_37' title='bbox 503 483 585 512; x_wconf 90' lang='lat' dir='ltr'>non</span> <span class='ocrx_word' id='word_1_38' title='bbox 618 471 900 511; x_wconf 79' lang='lat' dir='ltr'>concessivam</span> <span class='ocrx_word' id='word_1_39' title='bbox 930 471 1136 512; x_wconf 89' lang='lat' dir='ltr'>rationem</span> <span class='ocrx_word' id='word_1_40' title='bbox 1167 472 1293 512; x_wconf 89' lang='lat' dir='ltr'>habet</span> <span class='ocrx_word' id='word_1_41' title='bbox 1324 485 1460 525; x_wconf 89' lang='lat' dir='ltr'>neque</span> <span class='ocrx_word' id='word_1_42' title='bbox 1502 474 1545 514; x_wconf 93' lang='lat' dir='ltr'>in</span> <span class='ocrx_word' id='word_1_43' title='bbox 1579 475 1709 515; x_wconf 88' lang='lat' dir='ltr'>altero</span> 
     </span>
     <span class='ocr_line' id='line_1_7' title="bbox 96 532 1708 601; baseline 0.001 -18"><span class='ocrx_word' id='word_1_44' title='bbox 96 535 275 599; x_wconf 49' lang='lat' dir='ltr'>‘tamen&#39;</span> <span class='ocrx_word' id='word_1_45' title='bbox 320 541 493 594; x_wconf 87' lang='lat' dir='ltr'>cogitari</span> <span class='ocrx_word' id='word_1_46' title='bbox 533 540 667 581; x_wconf 88' lang='lat' dir='ltr'>debet.</span> <span class='ocrx_word' id='word_1_47' title='bbox 743 532 1045 601; x_wconf 50' lang='lat' dir='ltr'>(Temporalis&#39;</span> <span class='ocrx_word' id='word_1_48' title='bbox 1091 544 1234 581; x_wconf 90' lang='lat' dir='ltr'>autem</span> <span class='ocrx_word' id='word_1_49' title='bbox 1275 542 1363 582; x_wconf 90' lang='lat' dir='ltr'>eius</span> <span class='ocrx_word' id='word_1_50' title='bbox 1407 544 1708 585; x_wconf 90' lang='lat' dir='ltr'>coniunctionis</span> 
     </span>
     <span class='ocr_line' id='line_1_8' title="bbox 87 611 1329 665; baseline -0.002 -10"><span class='ocrx_word' id='word_1_51' title='bbox 87 613 163 662; x_wconf 81' lang='lat' dir='ltr'>vis,</span> <span class='ocrx_word' id='word_1_52' title='bbox 196 625 323 665; x_wconf 86' lang='lat' dir='ltr'>quam</span> <span class='ocrx_word' id='word_1_53' title='bbox 355 612 478 664; x_wconf 80' lang='lat' dir='ltr'>vulgo</span> <span class='ocrx_word' id='word_1_54' title='bbox 512 611 776 663; x_wconf 89' lang='lat' dir='ltr'>intellegunt,</span> <span class='ocrx_word' id='word_1_55' title='bbox 808 611 875 652; x_wconf 89' lang='lat' dir='ltr'>hic</span> <span class='ocrx_word' id='word_1_56' title='bbox 906 611 1024 651; x_wconf 90' lang='lat' dir='ltr'>nulla</span> <span class='ocrx_word' id='word_1_57' title='bbox 1057 623 1147 652; x_wconf 89' lang='lat' dir='ltr'>esse</span> <span class='ocrx_word' id='word_1_58' title='bbox 1179 613 1329 664; x_wconf 91' lang='lat' dir='ltr'>potest.</span> 
     </span>
    </p>

    <p class='ocr_par' dir='ltr' id='par_1_4' title="bbox 205 681 770 735">
     <span class='ocr_line' id='line_1_9' title="bbox 205 681 770 735; baseline -0.005 -11"><span class='ocrx_word' id='word_1_59' title='bbox 205 684 344 735; x_wconf 89' lang='lat' dir='ltr'>Atque</span> <span class='ocrx_word' id='word_1_60' title='bbox 376 683 419 722; x_wconf 90' lang='lat' dir='ltr'>in</span> <span class='ocrx_word' id='word_1_61' title='bbox 450 682 528 722; x_wconf 91' lang='lat' dir='ltr'>hoc</span> <span class='ocrx_word' id='word_1_62' title='bbox 560 681 770 722; x_wconf 84' lang='lat' dir='ltr'>membro:</span> 
     </span>
    </p>

    <p class='ocr_par' dir='ltr' id='par_1_5' title="bbox 547 750 1243 804">
     <span class='ocr_line' id='line_1_10' title="bbox 547 750 1243 804; baseline 0.001 -13"><span class='ocrx_word' id='word_1_63' title='bbox 547 751 696 801; x_wconf 80' lang='lat' dir='ltr'>morbo,</span> <span class='ocrx_word' id='word_1_64' title='bbox 729 765 821 791; x_wconf 79' lang='lat' dir='ltr'>cum</span> <span class='ocrx_word' id='word_1_65' title='bbox 853 751 974 791; x_wconf 76' lang='lat' dir='ltr'>iuvat</span> <span class='ocrx_word' id='word_1_66' title='bbox 1004 751 1094 804; x_wconf 78' lang='lat' dir='ltr'>ipse</span> <span class='ocrx_word' id='word_1_67' title='bbox 1126 750 1243 792; x_wconf 78' lang='lat' dir='ltr'>dolor</span> 
     </span>
    </p>

    <p class='ocr_par' dir='ltr' id='par_1_6' title="bbox 78 816 1708 1715">
     <span class='ocr_line' id='line_1_11' title="bbox 85 816 1708 884; baseline 0 -19"><span class='ocrx_word' id='word_1_68' title='bbox 85 836 137 865; x_wconf 89' lang='lat' dir='ltr'>ea</span> <span class='ocrx_word' id='word_1_69' title='bbox 169 824 402 864; x_wconf 90' lang='lat' dir='ltr'>coniunctio</span> <span class='ocrx_word' id='word_1_70' title='bbox 433 835 510 863; x_wconf 91' lang='lat' dir='ltr'>nec</span> <span class='ocrx_word' id='word_1_71' title='bbox 541 822 657 863; x_wconf 87' lang='lat' dir='ltr'>illam</span> <span class='ocrx_word' id='word_1_72' title='bbox 689 822 774 862; x_wconf 84' lang='lat' dir='ltr'>vim</span> <span class='ocrx_word' id='word_1_73' title='bbox 815 823 942 863; x_wconf 86' lang='lat' dir='ltr'>habet</span> <span class='ocrx_word' id='word_1_74' title='bbox 979 834 1056 863; x_wconf 90' lang='grc'>1100</span> <span class='ocrx_word' id='word_1_75' title='bbox 1102 822 1210 863; x_wconf 86' lang='lat' dir='ltr'>hanc</span> <span class='ocrx_word' id='word_1_76' title='bbox 1255 816 1594 884; x_wconf 50' lang='lat' dir='ltr'>(temporalem‘;</span> <span class='ocrx_word' id='word_1_77' title='bbox 1636 825 1708 865; x_wconf 86' lang='lat' dir='ltr'>illa</span> 
     </span>
     <span class='ocr_line' id='line_1_12' title="bbox 87 887 1703 955; baseline 0.001 -21"><span class='ocrx_word' id='word_1_78' title='bbox 87 894 256 946; x_wconf 90' lang='lat' dir='ltr'>quidem</span> <span class='ocrx_word' id='word_1_79' title='bbox 287 894 354 935; x_wconf 92' lang='lat' dir='ltr'>hic</span> <span class='ocrx_word' id='word_1_80' title='bbox 384 906 467 934; x_wconf 92' lang='lat' dir='ltr'>non</span> <span class='ocrx_word' id='word_1_81' title='bbox 499 894 647 941; x_wconf 81' lang='lat' dir='ltr'>exstat,</span> <span class='ocrx_word' id='word_1_82' title='bbox 681 893 779 945; x_wconf 87' lang='lat' dir='ltr'>quia</span> <span class='ocrx_word' id='word_1_83' title='bbox 811 892 1043 934; x_wconf 89' lang='lat' dir='ltr'>secundum</span> <span class='ocrx_word' id='word_1_84' title='bbox 1087 905 1179 933; x_wconf 90' lang='lat' dir='ltr'>eam</span> <span class='ocrx_word' id='word_1_85' title='bbox 1221 894 1522 935; x_wconf 89' lang='lat' dir='ltr'>coniunctionis</span> <span class='ocrx_word' id='word_1_86' title='bbox 1569 887 1703 955; x_wconf 53' lang='lat' dir='ltr'>‘cum&#39;</span> 
     </span>
     <span class='ocr_line' id='line_1_13' title="bbox 84 963 1707 1018; baseline 0.001 -13"><span class='ocrx_word' id='word_1_87' title='bbox 84 964 296 1006; x_wconf 90' lang='lat' dir='ltr'>notionem</span> <span class='ocrx_word' id='word_1_88' title='bbox 340 976 504 1017; x_wconf 84' lang='lat' dir='ltr'>semper</span> <span class='ocrx_word' id='word_1_89' title='bbox 550 965 689 1004; x_wconf 88' lang='lat' dir='ltr'>totum</span> <span class='ocrx_word' id='word_1_90' title='bbox 736 963 1020 1011; x_wconf 90' lang='lat' dir='ltr'>enuntiatum,</span> <span class='ocrx_word' id='word_1_91' title='bbox 1070 975 1153 1003; x_wconf 92' lang='lat' dir='ltr'>non</span> <span class='ocrx_word' id='word_1_92' title='bbox 1207 964 1349 1016; x_wconf 89' lang='lat' dir='ltr'>aliqua</span> <span class='ocrx_word' id='word_1_93' title='bbox 1396 966 1564 1005; x_wconf 86' lang='lat' dir='ltr'>tantum</span> <span class='ocrx_word' id='word_1_94' title='bbox 1610 977 1707 1018; x_wconf 90' lang='lat' dir='ltr'>pars</span> 
     </span>
     <span class='ocr_line' id='line_1_14' title="bbox 84 1033 1708 1085; baseline 0.001 -10"><span class='ocrx_word' id='word_1_95' title='bbox 84 1035 174 1076; x_wconf 91' lang='lat' dir='ltr'>eius</span> <span class='ocrx_word' id='word_1_96' title='bbox 208 1035 293 1075; x_wconf 87' lang='lat' dir='ltr'>sive</span> <span class='ocrx_word' id='word_1_97' title='bbox 324 1046 476 1075; x_wconf 87' lang='lat' dir='ltr'>nomen</span> <span class='ocrx_word' id='word_1_98' title='bbox 509 1034 594 1074; x_wconf 84' lang='lat' dir='ltr'>sive</span> <span class='ocrx_word' id='word_1_99' title='bbox 627 1034 801 1074; x_wconf 81' lang='lat' dir='ltr'>verbum</span> <span class='ocrx_word' id='word_1_100' title='bbox 834 1034 875 1074; x_wconf 90' lang='lat' dir='ltr'>et</span> <span class='ocrx_word' id='word_1_101' title='bbox 908 1045 1014 1085; x_wconf 88' lang='lat' dir='ltr'>quae</span> <span class='ocrx_word' id='word_1_102' title='bbox 1046 1033 1217 1085; x_wconf 88' lang='lat' dir='ltr'>utrique</span> <span class='ocrx_word' id='word_1_103' title='bbox 1251 1034 1579 1084; x_wconf 79' lang='lat' dir='ltr'>adhaerescunt,</span> <span class='ocrx_word' id='word_1_104' title='bbox 1612 1048 1708 1076; x_wconf 90' lang='lat' dir='ltr'>cum</span> 
     </span>
     <span class='ocr_line' id='line_1_15' title="bbox 82 1103 1707 1146; baseline 0.001 -1"><span class='ocrx_word' id='word_1_105' title='bbox 82 1106 172 1146; x_wconf 91' lang='lat' dir='ltr'>toto</span> <span class='ocrx_word' id='word_1_106' title='bbox 205 1105 335 1145; x_wconf 88' lang='lat' dir='ltr'>altero</span> <span class='ocrx_word' id='word_1_107' title='bbox 367 1103 591 1144; x_wconf 86' lang='lat' dir='ltr'>confertur.</span> <span class='ocrx_word' id='word_1_108' title='bbox 651 1103 767 1144; x_wconf 89' lang='lat' dir='ltr'>Haec</span> <span class='ocrx_word' id='word_1_109' title='bbox 800 1104 864 1143; x_wconf 88' lang='lat' dir='ltr'>est</span> <span class='ocrx_word' id='word_1_110' title='bbox 896 1103 985 1144; x_wconf 88' lang='lat' dir='ltr'>eius</span> <span class='ocrx_word' id='word_1_111' title='bbox 1018 1115 1120 1143; x_wconf 91' lang='lat' dir='ltr'>usus</span> <span class='ocrx_word' id='word_1_112' title='bbox 1159 1104 1226 1144; x_wconf 80' lang='lat' dir='ltr'>lex</span> <span class='ocrx_word' id='word_1_113' title='bbox 1267 1106 1308 1145; x_wconf 89' lang='lat' dir='ltr'>et</span> <span class='ocrx_word' id='word_1_114' title='bbox 1348 1105 1455 1145; x_wconf 89' lang='lat' dir='ltr'>ratio</span> <span class='ocrx_word' id='word_1_115' title='bbox 1498 1107 1707 1146; x_wconf 87' lang='lat' dir='ltr'>constans.</span> 
     </span>
     <span class='ocr_line' id='line_1_16' title="bbox 80 1165 1706 1236; baseline 0.001 -21"><span class='ocrx_word' id='word_1_116' title='bbox 80 1174 162 1215; x_wconf 92' lang='lat' dir='ltr'>Hic</span> <span class='ocrx_word' id='word_1_117' title='bbox 193 1187 289 1215; x_wconf 88' lang='lat' dir='ltr'>vero</span> <span class='ocrx_word' id='word_1_118' title='bbox 320 1187 403 1215; x_wconf 92' lang='lat' dir='ltr'>non</span> <span class='ocrx_word' id='word_1_119' title='bbox 438 1173 576 1235; x_wconf 48' lang='lat' dir='ltr'>(faveo</span> <span class='ocrx_word' id='word_1_120' title='bbox 608 1165 770 1215; x_wconf 82' lang='lat' dir='ltr'>morbo&#39;</span> <span class='ocrx_word' id='word_1_121' title='bbox 808 1174 1039 1226; x_wconf 80' lang='lat' dir='ltr'>explicatur</span> <span class='ocrx_word' id='word_1_122' title='bbox 1079 1185 1153 1226; x_wconf 87' lang='lat' dir='ltr'>per</span> <span class='ocrx_word' id='word_1_123' title='bbox 1195 1174 1376 1216; x_wconf 90' lang='lat' dir='ltr'>alterum</span> <span class='ocrx_word' id='word_1_124' title='bbox 1418 1175 1521 1216; x_wconf 90' lang='lat' dir='ltr'>illud</span> <span class='ocrx_word' id='word_1_125' title='bbox 1567 1176 1706 1236; x_wconf 50' lang='lat' dir='ltr'>‘iuvat</span> 
     </span>
     <span class='ocr_line' id='line_1_17' title="bbox 79 1235 1707 1305; baseline 0.001 -20"><span class='ocrx_word' id='word_1_126' title='bbox 79 1245 169 1298; x_wconf 90' lang='lat' dir='ltr'>ipse</span> <span class='ocrx_word' id='word_1_127' title='bbox 210 1235 359 1285; x_wconf 78' lang='lat' dir='ltr'>dolor&#39;.</span> <span class='ocrx_word' id='word_1_128' title='bbox 422 1244 620 1285; x_wconf 91' lang='lat' dir='ltr'>Potestne</span> <span class='ocrx_word' id='word_1_129' title='bbox 661 1246 755 1284; x_wconf 90' lang='lat' dir='ltr'>tum</span> <span class='ocrx_word' id='word_1_130' title='bbox 801 1237 901 1305; x_wconf 70' lang='lat' dir='ltr'>cme&#39;</span> <span class='ocrx_word' id='word_1_131' title='bbox 948 1243 1121 1285; x_wconf 76' lang='lat' dir='ltr'>deesse?</span> <span class='ocrx_word' id='word_1_132' title='bbox 1192 1243 1339 1285; x_wconf 90' lang='lat' dir='ltr'>Potius</span> <span class='ocrx_word' id='word_1_133' title='bbox 1380 1257 1427 1286; x_wconf 86' lang='lat' dir='ltr'>ea</span> <span class='ocrx_word' id='word_1_134' title='bbox 1468 1246 1572 1286; x_wconf 90' lang='lat' dir='ltr'>mihi</span> <span class='ocrx_word' id='word_1_135' title='bbox 1614 1258 1707 1287; x_wconf 90' lang='lat' dir='ltr'>sen-</span> 
     </span>
     <span class='ocr_line' id='line_1_18' title="bbox 82 1305 1706 1376; baseline 0.001 -21"><span class='ocrx_word' id='word_1_136' title='bbox 82 1315 218 1356; x_wconf 89' lang='lat' dir='ltr'>tentia</span> <span class='ocrx_word' id='word_1_137' title='bbox 249 1314 416 1355; x_wconf 82' lang='lat' dir='ltr'>videtur</span> <span class='ocrx_word' id='word_1_138' title='bbox 447 1315 671 1367; x_wconf 89' lang='lat' dir='ltr'>proposita,</span> <span class='ocrx_word' id='word_1_139' title='bbox 703 1316 752 1354; x_wconf 94' lang='lat' dir='ltr'>ut</span> <span class='ocrx_word' id='word_1_140' title='bbox 786 1315 894 1376; x_wconf 65' lang='lat' dir='ltr'>tipse</span> <span class='ocrx_word' id='word_1_141' title='bbox 928 1305 1062 1354; x_wconf 79' lang='lat' dir='ltr'>dolor&#39;</span> <span class='ocrx_word' id='word_1_142' title='bbox 1098 1315 1292 1355; x_wconf 88' lang='lat' dir='ltr'>morbum</span> <span class='ocrx_word' id='word_1_143' title='bbox 1323 1316 1450 1364; x_wconf 89' lang='lat' dir='ltr'>iuvet,</span> <span class='ocrx_word' id='word_1_144' title='bbox 1480 1328 1563 1357; x_wconf 92' lang='lat' dir='ltr'>non</span> <span class='ocrx_word' id='word_1_145' title='bbox 1587 1328 1635 1357; x_wconf 87' lang='lat' dir='ltr'>ea</span> <span class='ocrx_word' id='word_1_146' title='bbox 1657 1318 1706 1357; x_wconf 91' lang='lat' dir='ltr'>ut</span> 
     </span>
     <span class='ocr_line' id='line_1_19' title="bbox 81 1378 1701 1448; baseline 0.001 -22"><span class='ocrx_word' id='word_1_147' title='bbox 81 1385 169 1439; x_wconf 89' lang='lat' dir='ltr'>ipse</span> <span class='ocrx_word' id='word_1_148' title='bbox 217 1385 332 1426; x_wconf 92' lang='lat' dir='ltr'>dolor</span> <span class='ocrx_word' id='word_1_149' title='bbox 377 1384 588 1426; x_wconf 76' lang='lat' dir='ltr'>faventem</span> <span class='ocrx_word' id='word_1_150' title='bbox 634 1385 778 1426; x_wconf 90' lang='lat' dir='ltr'>morbo</span> <span class='ocrx_word' id='word_1_151' title='bbox 825 1385 951 1425; x_wconf 85' lang='lat' dir='ltr'>iuvet.</span> <span class='ocrx_word' id='word_1_152' title='bbox 1023 1385 1133 1425; x_wconf 85' lang='lat' dir='ltr'>Nam</span> <span class='ocrx_word' id='word_1_153' title='bbox 1182 1385 1240 1425; x_wconf 87' lang='lat' dir='ltr'>ita</span> <span class='ocrx_word' id='word_1_154' title='bbox 1282 1386 1456 1438; x_wconf 88' lang='lat' dir='ltr'>languet</span> <span class='ocrx_word' id='word_1_155' title='bbox 1498 1378 1701 1448; x_wconf 47' lang='lat' dir='ltr'>‘favendi&#39;</span> 
     </span>
     <span class='ocr_line' id='line_1_20' title="bbox 80 1455 1703 1517; baseline 0.001 -21"><span class='ocrx_word' id='word_1_156' title='bbox 80 1456 194 1497; x_wconf 90' lang='lat' dir='ltr'>notio</span> <span class='ocrx_word' id='word_1_157' title='bbox 227 1457 268 1496; x_wconf 89' lang='lat' dir='ltr'>et</span> <span class='ocrx_word' id='word_1_158' title='bbox 299 1456 340 1496; x_wconf 85' lang='lat' dir='ltr'>vi</span> <span class='ocrx_word' id='word_1_159' title='bbox 372 1467 448 1496; x_wconf 87' lang='lat' dir='ltr'>sua</span> <span class='ocrx_word' id='word_1_160' title='bbox 479 1457 605 1496; x_wconf 89' lang='lat' dir='ltr'>caret.</span> <span class='ocrx_word' id='word_1_161' title='bbox 639 1479 694 1484; x_wconf 89' lang='lat'><strong>—</strong></span> <span class='ocrx_word' id='word_1_162' title='bbox 726 1455 871 1496; x_wconf 88' lang='lat' dir='ltr'>Altera</span> <span class='ocrx_word' id='word_1_163' title='bbox 913 1460 1057 1496; x_wconf 90' lang='lat' dir='ltr'>autem</span> <span class='ocrx_word' id='word_1_164' title='bbox 1090 1455 1393 1496; x_wconf 89' lang='lat' dir='ltr'>coniunctionis</span> <span class='ocrx_word' id='word_1_165' title='bbox 1440 1469 1558 1517; x_wconf 52' lang='lat' dir='ltr'>‘cum</span> <span class='ocrx_word' id='word_1_166' title='bbox 1597 1458 1703 1498; x_wconf 88' lang='lat' dir='ltr'>tem-</span> 
     </span>
     <span class='ocr_line' id='line_1_21' title="bbox 81 1517 1702 1587; baseline 0.001 -21"><span class='ocrx_word' id='word_1_167' title='bbox 81 1517 254 1579; x_wconf 88' lang='lat' dir='ltr'>poralis&#39;</span> <span class='ocrx_word' id='word_1_168' title='bbox 289 1526 401 1566; x_wconf 85' lang='lat' dir='ltr'>notio</span> <span class='ocrx_word' id='word_1_169' title='bbox 424 1525 525 1566; x_wconf 88' lang='lat' dir='ltr'>item</span> <span class='ocrx_word' id='word_1_170' title='bbox 548 1526 645 1566; x_wconf 87' lang='lat' dir='ltr'>huic</span> <span class='ocrx_word' id='word_1_171' title='bbox 667 1525 756 1566; x_wconf 92' lang='lat' dir='ltr'>loco</span> <span class='ocrx_word' id='word_1_172' title='bbox 780 1526 987 1566; x_wconf 86' lang='lat' dir='ltr'>contraria</span> <span class='ocrx_word' id='word_1_173' title='bbox 1011 1527 1086 1574; x_wconf 87' lang='lat' dir='ltr'>est,</span> <span class='ocrx_word' id='word_1_174' title='bbox 1120 1526 1217 1578; x_wconf 89' lang='lat' dir='ltr'>quia</span> <span class='ocrx_word' id='word_1_175' title='bbox 1242 1518 1394 1587; x_wconf 42' lang='lat' dir='ltr'>‘dolor&#39;</span> <span class='ocrx_word' id='word_1_176' title='bbox 1431 1527 1456 1566; x_wconf 89' lang='lat' dir='ltr'>i.</span> <span class='ocrx_word' id='word_1_177' title='bbox 1488 1539 1520 1567; x_wconf 93' lang='lat' dir='ltr'>e.</span> <span class='ocrx_word' id='word_1_178' title='bbox 1551 1528 1702 1568; x_wconf 88' lang='lat' dir='ltr'>amoris</span> 
     </span>
     <span class='ocr_line' id='line_1_22' title="bbox 78 1589 1704 1657; baseline 0.001 -20"><span class='ocrx_word' id='word_1_179' title='bbox 78 1596 197 1637; x_wconf 90' lang='lat' dir='ltr'>dolor</span> <span class='ocrx_word' id='word_1_180' title='bbox 229 1597 451 1639; x_wconf 83' lang='lat' dir='ltr'>causaest</span> <span class='ocrx_word' id='word_1_181' title='bbox 481 1596 615 1637; x_wconf 90' lang='lat' dir='ltr'>morbi</span> <span class='ocrx_word' id='word_1_182' title='bbox 646 1598 689 1637; x_wconf 89' lang='lat' dir='ltr'>et</span> <span class='ocrx_word' id='word_1_183' title='bbox 710 1596 899 1644; x_wconf 88' lang='lat' dir='ltr'>materia,</span> <span class='ocrx_word' id='word_1_184' title='bbox 936 1589 1215 1657; x_wconf 44' lang='lat' dir='ltr'>‘temporalis&#39;</span> <span class='ocrx_word' id='word_1_185' title='bbox 1252 1598 1407 1645; x_wconf 87' lang='lat' dir='ltr'>autem,</span> <span class='ocrx_word' id='word_1_186' title='bbox 1442 1609 1548 1649; x_wconf 86' lang='lat' dir='ltr'>quae</span> <span class='ocrx_word' id='word_1_187' title='bbox 1580 1600 1704 1651; x_wconf 85' lang='lat' dir='ltr'>puta-</span> 
     </span>
     <span class='ocr_line' id='line_1_23' title="bbox 81 1666 851 1715; baseline -0.001 -8"><span class='ocrx_word' id='word_1_188' title='bbox 81 1668 162 1715; x_wconf 90' lang='lat' dir='ltr'>tur,</span> <span class='ocrx_word' id='word_1_189' title='bbox 193 1667 306 1707; x_wconf 90' lang='lat' dir='ltr'>notio</span> <span class='ocrx_word' id='word_1_190' title='bbox 339 1678 362 1706; x_wconf 91' lang='lat' dir='ltr'>a</span> <span class='ocrx_word' id='word_1_191' title='bbox 394 1666 469 1706; x_wconf 89' lang='lat' dir='ltr'>tali</span> <span class='ocrx_word' id='word_1_192' title='bbox 500 1678 610 1706; x_wconf 82' lang='lat' dir='ltr'>nexu</span> <span class='ocrx_word' id='word_1_193' title='bbox 643 1666 851 1707; x_wconf 87' lang='lat' dir='ltr'>adhorret.</span> 
     </span>
    </p>

    <p class='ocr_par' dir='ltr' id='par_1_7' title="bbox 74 1728 1703 2291">
     <span class='ocr_line' id='line_1_24' title="bbox 199 1728 1703 1798; baseline 0.001 -21"><span class='ocrx_word' id='word_1_194' title='bbox 199 1736 281 1778; x_wconf 85' lang='lat' dir='ltr'>Sed</span> <span class='ocrx_word' id='word_1_195' title='bbox 314 1736 423 1778; x_wconf 88' lang='lat' dir='ltr'>sicut</span> <span class='ocrx_word' id='word_1_196' title='bbox 454 1736 558 1776; x_wconf 90' lang='lat' dir='ltr'>illud</span> <span class='ocrx_word' id='word_1_197' title='bbox 595 1728 743 1798; x_wconf 69' lang='grc' dir='ltr'>ε011111’,</span> <span class='ocrx_word' id='word_1_198' title='bbox 777 1737 886 1788; x_wconf 91' lang='lat' dir='ltr'>quod</span> <span class='ocrx_word' id='word_1_199' title='bbox 908 1737 962 1777; x_wconf 90' lang='lat' dir='ltr'>ad</span> <span class='ocrx_word' id='word_1_200' title='bbox 985 1738 1301 1789; x_wconf 83' lang='lat' dir='ltr'>congruentiam</span> <span class='ocrx_word' id='word_1_201' title='bbox 1322 1737 1516 1790; x_wconf 85' lang='lat' dir='ltr'>pertinet,</span> <span class='ocrx_word' id='word_1_202' title='bbox 1539 1750 1703 1791; x_wconf 91' lang='lat' dir='ltr'>semper</span> 
     </span>
     <span class='ocr_line' id='line_1_25' title="bbox 78 1807 1702 1862; baseline 0.001 -15"><span class='ocrx_word' id='word_1_203' title='bbox 78 1807 192 1860; x_wconf 85' lang='lat' dir='ltr'>ipsas</span> <span class='ocrx_word' id='word_1_204' title='bbox 225 1807 407 1848; x_wconf 82' lang='lat' dir='ltr'>actiones</span> <span class='ocrx_word' id='word_1_205' title='bbox 441 1819 669 1859; x_wconf 89' lang='lat' dir='ltr'>earumque</span> <span class='ocrx_word' id='word_1_206' title='bbox 702 1819 768 1847; x_wconf 90' lang='lat' dir='ltr'>res</span> <span class='ocrx_word' id='word_1_207' title='bbox 801 1807 1029 1848; x_wconf 89' lang='lat' dir='ltr'>attributas</span> <span class='ocrx_word' id='word_1_208' title='bbox 1062 1808 1171 1848; x_wconf 85' lang='lat' dir='ltr'>inter</span> <span class='ocrx_word' id='word_1_209' title='bbox 1204 1819 1247 1848; x_wconf 92' lang='lat' dir='ltr'>se</span> <span class='ocrx_word' id='word_1_210' title='bbox 1281 1808 1452 1857; x_wconf 87' lang='lat' dir='ltr'>confert,</span> <span class='ocrx_word' id='word_1_211' title='bbox 1483 1808 1587 1849; x_wconf 87' lang='lat' dir='ltr'>item</span> <span class='ocrx_word' id='word_1_212' title='bbox 1609 1821 1702 1862; x_wconf 91' lang='lat' dir='ltr'>pro-</span> 
     </span>
     <span class='ocr_line' id='line_1_26' title="bbox 77 1876 1701 1935; baseline 0.001 -17"><span class='ocrx_word' id='word_1_213' title='bbox 77 1889 230 1918; x_wconf 89' lang='lat' dir='ltr'>nomen</span> <span class='ocrx_word' id='word_1_214' title='bbox 261 1877 486 1918; x_wconf 80' lang='lat' dir='ltr'>relativum</span> <span class='ocrx_word' id='word_1_215' title='bbox 519 1900 574 1906; x_wconf 95' lang='lat'><strong>—</strong></span> <span class='ocrx_word' id='word_1_216' title='bbox 606 1876 716 1917; x_wconf 88' lang='lat' dir='ltr'>unde</span> <span class='ocrx_word' id='word_1_217' title='bbox 749 1877 821 1917; x_wconf 89' lang='lat' dir='ltr'>illa</span> <span class='ocrx_word' id='word_1_218' title='bbox 843 1877 933 1930; x_wconf 88' lang='lat' dir='ltr'>ipsa</span> <span class='ocrx_word' id='word_1_219' title='bbox 965 1878 1172 1930; x_wconf 88' lang='lat' dir='ltr'>particula</span> <span class='ocrx_word' id='word_1_220' title='bbox 1204 1877 1390 1918; x_wconf 79' lang='lat' dir='ltr'>derivata</span> <span class='ocrx_word' id='word_1_221' title='bbox 1420 1880 1484 1918; x_wconf 91' lang='lat' dir='ltr'>est</span> <span class='ocrx_word' id='word_1_222' title='bbox 1516 1902 1572 1935; x_wconf 40' lang='grc' dir='ltr'>ε</span> <span class='ocrx_word' id='word_1_223' title='bbox 1605 1891 1701 1920; x_wconf 87' lang='grc'>011111</span> 
     </span>
     <span class='ocr_line' id='line_1_27' title="bbox 77 1947 1701 2002; baseline 0.001 -14"><span class='ocrx_word' id='word_1_224' title='bbox 77 1948 118 1988; x_wconf 88' lang='lat' dir='ltr'>vi</span> <span class='ocrx_word' id='word_1_225' title='bbox 148 1948 324 1989; x_wconf 76' lang='lat' dir='ltr'>relativa</span> <span class='ocrx_word' id='word_1_226' title='bbox 355 1948 523 2001; x_wconf 91' lang='lat' dir='ltr'>ponitur</span> <span class='ocrx_word' id='word_1_227' title='bbox 554 1948 614 1988; x_wconf 88' lang='lat' dir='ltr'>ita</span> <span class='ocrx_word' id='word_1_228' title='bbox 647 1949 826 1996; x_wconf 86' lang='lat' dir='ltr'>tantum,</span> <span class='ocrx_word' id='word_1_229' title='bbox 858 1949 905 1988; x_wconf 90' lang='lat' dir='ltr'>ut</span> <span class='ocrx_word' id='word_1_230' title='bbox 937 1947 986 1988; x_wconf 90' lang='lat' dir='ltr'>de</span> <span class='ocrx_word' id='word_1_231' title='bbox 1008 1948 1175 1988; x_wconf 88' lang='lat' dir='ltr'>nomine</span> <span class='ocrx_word' id='word_1_232' title='bbox 1209 1948 1360 2000; x_wconf 85' lang='lat' dir='ltr'>aliquo,</span> <span class='ocrx_word' id='word_1_233' title='bbox 1393 1948 1444 1988; x_wconf 88' lang='lat' dir='ltr'>ad</span> <span class='ocrx_word' id='word_1_234' title='bbox 1478 1948 1587 2000; x_wconf 92' lang='lat' dir='ltr'>quod</span> <span class='ocrx_word' id='word_1_235' title='bbox 1609 1961 1701 2002; x_wconf 90' lang='lat' dir='ltr'>per-</span> 
     </span>
     <span class='ocr_line' id='line_1_28' title="bbox 77 2017 1698 2071; baseline 0.001 -12"><span class='ocrx_word' id='word_1_236' title='bbox 77 2018 222 2068; x_wconf 88' lang='lat' dir='ltr'>tineat,</span> <span class='ocrx_word' id='word_1_237' title='bbox 253 2030 343 2059; x_wconf 89' lang='lat' dir='ltr'>rem</span> <span class='ocrx_word' id='word_1_238' title='bbox 376 2017 503 2059; x_wconf 89' lang='lat' dir='ltr'>addat</span> <span class='ocrx_word' id='word_1_239' title='bbox 534 2018 831 2071; x_wconf 85' lang='lat' dir='ltr'>praedicatam.</span> <span class='ocrx_word' id='word_1_240' title='bbox 894 2018 1084 2059; x_wconf 80' lang='lat' dir='ltr'>Nominis</span> <span class='ocrx_word' id='word_1_241' title='bbox 1119 2018 1286 2070; x_wconf 88' lang='lat' dir='ltr'>quidem</span> <span class='ocrx_word' id='word_1_242' title='bbox 1318 2018 1450 2071; x_wconf 90' lang='lat' dir='ltr'>ipsius</span> <span class='ocrx_word' id='word_1_243' title='bbox 1488 2019 1616 2068; x_wconf 80' lang='lat' dir='ltr'>vices,</span> <span class='ocrx_word' id='word_1_244' title='bbox 1647 2032 1698 2061; x_wconf 92' lang='lat' dir='ltr'>ne</span> 
     </span>
     <span class='ocr_line' id='line_1_29' title="bbox 75 2088 1698 2142; baseline 0.001 -13"><span class='ocrx_word' id='word_1_245' title='bbox 75 2088 118 2129; x_wconf 89' lang='lat' dir='ltr'>id</span> <span class='ocrx_word' id='word_1_246' title='bbox 149 2088 216 2130; x_wconf 92' lang='lat' dir='ltr'>hic</span> <span class='ocrx_word' id='word_1_247' title='bbox 246 2089 465 2141; x_wconf 87' lang='lat' dir='ltr'>neglegere</span> <span class='ocrx_word' id='word_1_248' title='bbox 499 2089 652 2138; x_wconf 84' lang='lat' dir='ltr'>videar,</span> <span class='ocrx_word' id='word_1_249' title='bbox 685 2090 826 2130; x_wconf 88' lang='lat' dir='ltr'>tenere</span> <span class='ocrx_word' id='word_1_250' title='bbox 860 2091 998 2142; x_wconf 86' lang='lat' dir='ltr'>potest</span> <span class='ocrx_word' id='word_1_251' title='bbox 1030 2091 1168 2129; x_wconf 89' lang='lat' dir='ltr'>totum</span> <span class='ocrx_word' id='word_1_252' title='bbox 1212 2101 1376 2141; x_wconf 89' lang='lat' dir='ltr'>quoque</span> <span class='ocrx_word' id='word_1_253' title='bbox 1419 2090 1698 2140; x_wconf 87' lang='lat' dir='ltr'>enuntiatum,</span> 
     </span>
     <span class='ocr_line' id='line_1_30' title="bbox 75 2158 1695 2212; baseline 0.002 -13"><span class='ocrx_word' id='word_1_254' title='bbox 75 2158 126 2200; x_wconf 88' lang='lat' dir='ltr'>de</span> <span class='ocrx_word' id='word_1_255' title='bbox 149 2171 230 2211; x_wconf 87' lang='lat' dir='ltr'>quo</span> <span class='ocrx_word' id='word_1_256' title='bbox 253 2159 410 2211; x_wconf 86' lang='lat' dir='ltr'>aliquid</span> <span class='ocrx_word' id='word_1_257' title='bbox 442 2159 706 2212; x_wconf 87' lang='lat' dir='ltr'>praedicetur</span> <span class='ocrx_word' id='word_1_258' title='bbox 737 2160 978 2212; x_wconf 89' lang='lat' dir='ltr'>pronomine</span> <span class='ocrx_word' id='word_1_259' title='bbox 1011 2159 1186 2200; x_wconf 83' lang='lat' dir='ltr'>relativo</span> <span class='ocrx_word' id='word_1_260' title='bbox 1220 2159 1390 2209; x_wconf 80' lang='lat' dir='ltr'>adnexo,</span> <span class='ocrx_word' id='word_1_261' title='bbox 1423 2172 1517 2210; x_wconf 92' lang='lat' dir='ltr'>non,</span> <span class='ocrx_word' id='word_1_262' title='bbox 1551 2162 1598 2201; x_wconf 91' lang='lat' dir='ltr'>ut</span> <span class='ocrx_word' id='word_1_263' title='bbox 1631 2163 1695 2202; x_wconf 86' lang='lat' dir='ltr'>est</span> 
     </span>
     <span class='ocr_line' id='line_1_31' title="bbox 74 2221 1696 2291; baseline 0.001 -22"><span class='ocrx_word' id='word_1_264' title='bbox 74 2229 118 2269; x_wconf 87' lang='lat' dir='ltr'>in</span> <span class='ocrx_word' id='word_1_265' title='bbox 150 2229 437 2270; x_wconf 91' lang='lat' dir='ltr'>coniunctione</span> <span class='ocrx_word' id='word_1_266' title='bbox 475 2221 634 2291; x_wconf 61' lang='lat' dir='ltr'>tcum&#39;,</span> <span class='ocrx_word' id='word_1_267' title='bbox 667 2242 740 2283; x_wconf 94' lang='lat' dir='ltr'>per</span> <span class='ocrx_word' id='word_1_268' title='bbox 781 2230 1046 2271; x_wconf 88' lang='lat' dir='ltr'>collationem</span> <span class='ocrx_word' id='word_1_269' title='bbox 1089 2229 1170 2270; x_wconf 90' lang='lat' dir='ltr'>duo</span> <span class='ocrx_word' id='word_1_270' title='bbox 1210 2230 1320 2271; x_wconf 87' lang='lat' dir='ltr'>inter</span> <span class='ocrx_word' id='word_1_271' title='bbox 1369 2242 1411 2271; x_wconf 89' lang='lat' dir='ltr'>se</span> <span class='ocrx_word' id='word_1_272' title='bbox 1460 2230 1696 2272; x_wconf 84' lang='lat' dir='ltr'>referantur</span> 
     </span>
    </p>
   </div>
   <div class='ocr_carea' id='block_1_4' title="bbox 11 2299 1696 2353">
    <p class='ocr_par' dir='ltr' id='par_1_8' title="bbox 11 2299 1696 2353">
     <span class='ocr_line' id='line_1_32' title="bbox 11 2299 1696 2353; baseline 0.002 -14"><span class='ocrx_word' id='word_1_273' title='bbox 11 2299 14 2301; x_wconf 83' lang='grc'><strong>’</strong></span> <span class='ocrx_word' id='word_1_274' title='bbox 73 2299 305 2340; x_wconf 89' lang='lat' dir='ltr'>enuntiata.</span> <span class='ocrx_word' id='word_1_275' title='bbox 366 2299 475 2352; x_wconf 87' lang='lat' dir='ltr'>Ergo</span> <span class='ocrx_word' id='word_1_276' title='bbox 508 2312 603 2340; x_wconf 91' lang='lat' dir='ltr'>cum</span> <span class='ocrx_word' id='word_1_277' title='bbox 635 2300 712 2340; x_wconf 93' lang='lat' dir='ltr'>hoc</span> <span class='ocrx_word' id='word_1_278' title='bbox 744 2300 832 2341; x_wconf 91' lang='lat' dir='ltr'>loco</span> <span class='ocrx_word' id='word_1_279' title='bbox 865 2301 1035 2341; x_wconf 91' lang='lat' dir='ltr'>morbus</span> <span class='ocrx_word' id='word_1_280' title='bbox 1068 2300 1157 2353; x_wconf 90' lang='lat' dir='ltr'>ipso</span> <span class='ocrx_word' id='word_1_281' title='bbox 1192 2299 1329 2341; x_wconf 87' lang='lat' dir='ltr'>dolore</span> <span class='ocrx_word' id='word_1_282' title='bbox 1352 2300 1487 2341; x_wconf 81' lang='lat' dir='ltr'>iuvari</span> <span class='ocrx_word' id='word_1_283' title='bbox 1519 2301 1696 2351; x_wconf 86' lang='lat' dir='ltr'>dicatur,</span> 
     </span>
    </p>
   </div>
   <div class='ocr_carea' id='block_1_5' title="bbox 72 2369 1696 2773">
    <p class='ocr_par' dir='ltr' id='par_1_9' title="bbox 72 2369 1696 2773">
     <span class='ocr_line' id='line_1_33' title="bbox 74 2369 438 2410; baseline 0.003 -1"><span class='ocrx_word' id='word_1_284' title='bbox 74 2369 340 2410; x_wconf 86' lang='lat' dir='ltr'>scribendum</span> <span class='ocrx_word' id='word_1_285' title='bbox 373 2371 438 2410; x_wconf 88' lang='lat' dir='ltr'>est</span> 
     </span>
     <span class='ocr_line' id='line_1_34' title="bbox 505 2439 1262 2494; baseline 0.003 -15"><span class='ocrx_word' id='word_1_286' title='bbox 505 2439 654 2490; x_wconf 80' lang='lat' dir='ltr'>morbo,</span> <span class='ocrx_word' id='word_1_287' title='bbox 687 2454 831 2492; x_wconf 78' lang='lat' dir='ltr'>quem</span> <span class='ocrx_word' id='word_1_288' title='bbox 863 2441 981 2481; x_wconf 74' lang='lat' dir='ltr'>iuvat</span> <span class='ocrx_word' id='word_1_289' title='bbox 1013 2441 1104 2494; x_wconf 77' lang='lat' dir='ltr'>ipse</span> <span class='ocrx_word' id='word_1_290' title='bbox 1135 2440 1262 2490; x_wconf 81' lang='lat' dir='ltr'>dolor,</span> 
     </span>
     <span class='ocr_line' id='line_1_35' title="bbox 72 2510 1696 2575; baseline 0.002 -26"><span class='ocrx_word' id='word_1_291' title='bbox 72 2521 156 2562; x_wconf 87' lang='lat' dir='ltr'>quo</span> <span class='ocrx_word' id='word_1_292' title='bbox 189 2510 387 2566; x_wconf 86' lang='lat' dir='ltr'>vocabulo</span> <span class='ocrx_word' id='word_1_293' title='bbox 420 2511 640 2552; x_wconf 90' lang='lat' dir='ltr'>subiuncto</span> <span class='ocrx_word' id='word_1_294' title='bbox 675 2513 716 2552; x_wconf 93' lang='lat' dir='ltr'>et</span> <span class='ocrx_word' id='word_1_295' title='bbox 747 2512 917 2552; x_wconf 88' lang='lat' dir='ltr'>morbus</span> <span class='ocrx_word' id='word_1_296' title='bbox 950 2512 1020 2552; x_wconf 92' lang='lat' dir='ltr'>ille</span> <span class='ocrx_word' id='word_1_297' title='bbox 1054 2511 1292 2552; x_wconf 85' lang='lat' dir='ltr'>declaratur</span> <span class='ocrx_word' id='word_1_298' title='bbox 1331 2514 1372 2553; x_wconf 91' lang='lat' dir='ltr'>et</span> <span class='ocrx_word' id='word_1_299' title='bbox 1398 2513 1572 2553; x_wconf 81' lang='lat' dir='ltr'>verbum</span> <span class='ocrx_word' id='word_1_300' title='bbox 1617 2513 1696 2575; x_wconf 51' lang='lat' dir='ltr'>‘iu-</span> 
     </span>
     <span class='ocr_line' id='line_1_36' title="bbox 73 2571 1693 2637; baseline 0.002 -17"><span class='ocrx_word' id='word_1_301' title='bbox 73 2571 160 2620; x_wconf 86' lang='lat' dir='ltr'>vat&#39;</span> <span class='ocrx_word' id='word_1_302' title='bbox 197 2591 342 2620; x_wconf 87' lang='lat' dir='ltr'>casum</span> <span class='ocrx_word' id='word_1_303' title='bbox 374 2592 498 2621; x_wconf 91' lang='lat' dir='ltr'>suum</span> <span class='ocrx_word' id='word_1_304' title='bbox 538 2583 767 2634; x_wconf 89' lang='lat' dir='ltr'>recuperat.</span> <span class='ocrx_word' id='word_1_305' title='bbox 830 2581 891 2622; x_wconf 92' lang='lat' dir='ltr'>De</span> <span class='ocrx_word' id='word_1_306' title='bbox 931 2582 1140 2623; x_wconf 87' lang='lat' dir='ltr'>sententia</span> <span class='ocrx_word' id='word_1_307' title='bbox 1185 2581 1233 2623; x_wconf 85' lang='lat' dir='ltr'>cf.</span> <span class='ocrx_word' id='word_1_308' title='bbox 1266 2582 1452 2635; x_wconf 91' lang='lat' dir='ltr'>Propert.</span> <span class='ocrx_word' id='word_1_309' title='bbox 1492 2583 1558 2624; x_wconf 90' lang='lat' dir='ltr'>III</span> <span class='ocrx_word' id='word_1_310' title='bbox 1599 2583 1693 2637; x_wconf 78' lang='lat' dir='ltr'>(IV)</span> 
     </span>
     <span class='ocr_line' id='line_1_37' title="bbox 73 2654 223 2698; baseline -0.007 -8"><span class='ocrx_word' id='word_1_311' title='bbox 73 2654 140 2698; x_wconf 83' lang='lat'>21,</span> <span class='ocrx_word' id='word_1_312' title='bbox 173 2654 223 2690; x_wconf 87' lang='lat'>4:</span> 
     </span>
     <span class='ocr_line' id='line_1_38' title="bbox 353 2719 1382 2773; baseline 0.002 -12"><span class='ocrx_word' id='word_1_313' title='bbox 353 2719 453 2772; x_wconf 74' lang='lat' dir='ltr'>Ipse</span> <span class='ocrx_word' id='word_1_314' title='bbox 484 2720 685 2761; x_wconf 74' lang='lat' dir='ltr'>alimenta</span> <span class='ocrx_word' id='word_1_315' title='bbox 716 2721 799 2762; x_wconf 78' lang='lat' dir='ltr'>sibi</span> <span class='ocrx_word' id='word_1_316' title='bbox 830 2721 1020 2761; x_wconf 70' lang='lat' dir='ltr'>maxima</span> <span class='ocrx_word' id='word_1_317' title='bbox 1048 2721 1222 2773; x_wconf 76' lang='lat' dir='ltr'>praebet</span> <span class='ocrx_word' id='word_1_318' title='bbox 1254 2735 1382 2763; x_wconf 80' lang='lat' dir='ltr'>amor.</span> 
     </span>
    </p>
   </div>
  </div>
 </body>
</html>
