2013 3223
883 134 963 171 157

237 257 318 298 Sed
350 257 400 298 de
431 257 604 309 reliquis
635 257 761 298 huius
793 257 872 298 loci
904 257 1223 299 difficultatibus
1255 258 1470 300 Baehrens
1503 261 1592 300 tam
1631 261 1734 302 bene

116 329 160 369 et
191 329 312 369 acute
343 341 381 381 p.
415 332 498 368 463
531 327 741 376 disseruit,
772 329 822 367 ut
852 340 965 368 nunc
996 328 1099 368 satis
1133 328 1187 368 sit
1217 329 1405 381 legentes
1430 329 1480 370 ad
1504 330 1592 370 eius
1625 343 1736 372 com-

115 398 371 439 mentarium
401 398 624 449 relegasse.
685 397 1002 438 Demonstravit
1033 398 1161 450 igitur
1200 401 1275 439 aut
1338 390 1474 440 falsis'
1520 412 1736 441 removen-

115 469 219 509 dum
259 480 349 509 esse
393 469 466 508 aut
507 480 603 508 cum
648 467 768 508 Italis
841 479 946 508 anne
1015 468 1301 521 reponendum
1349 481 1439 510 esse
1486 470 1574 511 loco
1622 471 1733 511 vocis

117 531 303 601 atque’.
373 539 434 579 Ac
473 538 705 578 rectissime
754 537 865 578 idem
907 538 1041 579 denuo
1082 540 1131 578 ut
1177 539 1219 578 in
1260 539 1366 579 anal.
1409 539 1561 581 Catull.
1598 554 1635 593 p.
1679 546 1732 583 57

113 609 277 649 monuit
312 601 570 670 cparentum'
607 609 851 661 corruptum
884 621 986 657 esse,
1018 608 1137 649 cuius
1171 608 1220 649 de
1253 610 1443 650 vocabuli
1485 610 1736 664 interpreta-

113 679 224 720 tione
257 679 405 719 inutile
438 680 503 719 est
535 678 719 719 conferre
752 691 784 719 c.
816 679 952 719 LXIV
988 684 1069 720 379
1083 691 1183 731 sqq„
1217 679 1326 731 quod
1359 692 1455 720 cum
1486 680 1735 722 Baehrensii

112 749 419 803 vituperatione
460 748 558 790 fecit
606 749 658 789 Η.
699 749 879 801 Magnus
918 747 1158 789 Jahresbm.
1207 748 1276 789 des
1315 748 1424 800 phil.
1476 748 1652 790 Vereins
1694 751 1732 791 V

116 825 241 862 1879.
272 833 310 873 p.
344 825 440 861 316.
504 819 585 860 Sed
618 819 725 871 quod
767 820 855 872 ipse
898 819 1113 860 Baehrens
1154 832 1266 860 nunc
1315 820 1449 860 voluit
1515 833 1621 861 anne
1661 833 1734 874 pa-

112 902 285 943 rumper
332 880 610 930 frustrantur'
665 889 863 942 deceptus
905 889 1094 942 opinione
1138 902 1215 930 sua
1254 890 1407 942 priore,
1450 903 1546 931 cum
1587 904 1734 944 propo-

113 961 199 1001 suit
235 951 474 1021 paventes'
493 992 501 1009 ,
532 960 741 1012 intellegit
777 960 950 1018 gaudia
981 959 1191 1009 Venerea,
1224 972 1329 1012 quae
1367 961 1478 1013 ipsas
1516 962 1731 1002 manentia

111 1043 210 1084 prae
242 1043 394 1084 pavore
427 1030 618 1083 virginali
650 1030 846 1070 differant
885 1042 1015 1070 novae
1056 1022 1235 1083 nuptae‘
1280 1032 1322 1071 et
1358 1031 1475 1071 illam
1516 1031 1733 1072 differendi

110 1101 322 1142 notionem
354 1112 599 1154 recuperare
633 1100 785 1141 studet.
848 1101 909 1140 Ea
941 1112 1036 1141 vero
1070 1100 1280 1141 sententia
1311 1101 1379 1141 hic
1415 1113 1492 1142 nec
1534 1103 1631 1154 apta
1669 1104 1733 1143 est

110 1183 187 1212 nec
218 1171 354 1212 verbis
385 1171 488 1224 ipsis
521 1171 677 1212 subest.

230 1241 341 1281 Nam
374 1241 409 1282 si
441 1241 657 1282 differendi
697 1241 908 1282 notionem
948 1241 1163 1282 Baehrens
1204 1241 1398 1293 requirit,
1439 1242 1596 1294 aliquid
1639 1255 1734 1284 con-

111 1313 221 1352 sulto
254 1312 343 1352 fieri
385 1312 548 1352 statuit.
611 1311 692 1352 Sed
742 1311 889 1373 (falsae
930 1309 1189 1352 lacrimulae'
1234 1324 1318 1352 non
1357 1314 1457 1352 sunt
1497 1313 1731 1362 simulatae,

108 1382 247 1435 potius
281 1394 352 1423 eae
386 1394 492 1434 quae
523 1382 637 1423 iusta
669 1394 796 1422 631133
828 1383 972 1422 carent
1004 1383 1046 1422 et
1078 1381 1229 1422 falsam
1262 1382 1445 1423 excitant
1482 1383 1731 1435 opinionem,

112 1452 412 1505 respondentes
452 1452 535 1492 illis
577 1452 713 1492 verbis
761 1464 857 1508 ,11011
901 1464 998 1492 vera
1035 1449 1244 1504 gemunt'.
1314 1452 1382 1493 Ita
1431 1452 1723 1509 ‘frustrantur‘

107 1535 198 1563 rem
229 1522 452 1576 inceptam.
514 1522 576 1563 De
618 1534 666 1563 ea
697 1522 762 1563 vel
804 1522 929 1562 simili
972 1522 1138 1563 notione
1178 1522 1226 1563 cf.
1269 1522 1367 1563 Hor.
1409 1525 1487 1563 sat.
1528 1523 1548 1563 Ι
1590 1531 1632 1572 1,
1677 1531 1726 1566 61

112 1594 174 1652 ‘at
205 1593 312 1634 bona
343 1605 440 1646 pars
471 1593 691 1633 hominum
724 1593 898 1646 decepta
930 1592 1121 1646 cupidine
1155 1591 1276 1634 falso'
1318 1593 1452 1650 (yveil
1483 1594 1569 1645 auf
1604 1596 1731 1635 etwas

115 1661 380 1715 Unrichtiyes
408 1660 620 1715 yeriehtet’
666 1663 908 1716 Kiessling)‚
948 1676 969 1704 c
1020 1663 1064 1703 II
1098 1669 1133 1712 2,
1174 1669 1225 1705 19
1268 1663 1399 1718 ¹falsis
1434 1665 1497 1705 uti
1537 1664 1722 1707 vocibus'

108 1732 226 1795 (cder
255 1733 492 1786 zmriclztiqe
527 1731 762 1774 Gebrauch'
800 1733 993 1785 yewisser
1033 1732 1174 1775 Worte
1205 1734 1448 1788 IGessling),
1482 1735 1598 1777 Ovid.
1631 1738 1730 1778 met.

106 1803 145 1844 V
179 1810 260 1846 481
280 1817 340 1857 sq.
380 1804 589 1861 ‘fertilitas
621 1806 758 1845 terrae
790 1805 926 1845 latum
958 1805 1130 1857 vulgata
1161 1817 1236 1858 per
1267 1806 1409 1846 orbem
1441 1805 1548 1847 falsa
1584 1806 1728 1856 iacet',

107 1874 145 1914 V
182 1879 263 1916 147
305 1887 395 1931 ‘ave
428 1875 627 1928 deceptus
660 1872 801 1924 falsa',
832 1875 870 1915 X
906 1881 956 1917 19
998 1874 1110 1931 ‘falsi
1143 1909 1149 1915 .
1184 1907 1191 1915 .
1224 1873 1340 1924 oris',
1374 1876 1467 1917 Tac.
1501 1889 1595 1917 ann.
1628 1877 1649 1917 I
1674 1883 1725 1919 66

108 1945 258 2002 csimul
298 1945 456 1986 tribuni
498 1947 540 1986 et
586 1945 849 1986 centuriones
896 1945 1050 1986 falsum
1093 1958 1290 1998 pavorem
1331 1958 1421 1987 csse
1463 1935 1728 1997 docuerunt',

106 2015 199 2056 alia.
232 2038 288 2045 —-
320 2015 430 2056 Item
462 2016 591 2068 igitur
627 2013 898 2077 ‘frustrandi’
939 2016 1114 2057 verbum
1136 2028 1218 2056 non
1241 2016 1293 2056 ad
1316 2017 1536 2057 consilium
1559 2018 1727 2070 aliquod

105 2087 279 2139 spectat,
313 2086 411 2138 quia
443 2086 619 2139 simplex
651 2088 716 2127 est
746 2087 921 2127 verbum
952 2087 1140 2139 nihilque
1174 2087 1289 2127 aliud
1322 2087 1402 2127 nisi
1440 2100 1605 2128 merum
1638 2089 1726 2129 eius

105 2156 282 2197 actionis
314 2156 473 2197 factum
505 2157 710 2210 exprimit.
772 2157 895 2198 Ultro
928 2157 1057 2209 igitur
1088 2157 1192 2198 haec
1233 2158 1373 2198 omnia
1410 2158 1500 2199 fieri
1539 2171 1612 2212 per
1651 2172 1728 2212 pu-

105 2226 248 2267 dorem
279 2226 527 2279 virginalem
558 2239 635 2268 nec
667 2228 856 2268 consulto
889 2227 980 2280 ipsa
1021 2227 1146 2268 verba
1186 2227 1434 2278 significant.
1496 2229 1605 2281 Ergo
1647 2229 1727 2270 etsi

103 2297 163 2337 ita
195 2297 261 2337 vel
291 2297 382 2350 ipsa
413 2297 659 2338 Baehrensii
690 2298 1035 2351 interpretatione
1068 2299 1254 2338 correcta
1291 2310 1365 2351 per
1403 2310 1446 2339 se
1487 2298 1592 2339 illud
1638 2311 1727 2355 ‘pa-

102 2379 275 2420 rumper
306 2365 580 2408 frustrantur'
620 2368 791 2409 tolerari
822 2368 965 2421 possit,
998 2368 1115 2408 deest
1145 2369 1288 2409 tamen
1310 2368 1495 2421 primum
1517 2369 1564 2417 is,
1597 2381 1725 2421 quem

103 2436 384 2485 frustrantur;
432 2437 579 2478 deinde
642 2438 825 2479 oratione
872 2451 955 2478 non
1001 2439 1176 2479 notatur
1223 2439 1340 2480 cuius
1390 2437 1574 2495 ‘gaudia'
1629 2440 1724 2481 sint.

103 2507 215 2548 Nam
246 2507 288 2548 in
319 2508 409 2548 1060
441 2507 678 2550 Catulliano
711 2521 743 2549 6.
774 2508 871 2549 LXI
908 2514 1091 2561 117366.
1124 2521 1172 2550 63
1204 2509 1343 2562 3116110
1366 2509 1488 2550 1110ᾶο
1520 2509 1725 2551 definiun-

102 2578 186 2626 tur,
220 2578 262 2618 et
302 2577 412 2631 apud
455 2577 652 2620 Ovidium
692 2581 792 2620 met.
832 2579 895 2619 VI
938 2583 1022 2620 514
1064 2580 1216 2620 saltem
1262 2577 1372 2636 ‘sua’
1416 2579 1610 2621 additum
1648 2582 1723 2621 est.

102 2646 220 2698 Quae
253 2648 392 2689 omnia
422 2648 518 2702 plus
549 2649 741 2690 minusve
775 2649 827 2690 ad
860 2661 1032 2690 sensum
1063 2650 1242 2690 molesta
1263 2662 1338 2691 nos
1360 2663 1443 2691 non
1466 2651 1611 2691 sinunt
1633 2650 1722 2692 61113

100 2717 322 2759 inventum
352 2719 526 2772 probare
558 2731 693 2772 neque
726 2732 775 2761 ex
805 2720 978 2772 reliquis
1011 2720 1259 2761 coniecturis
1291 2721 1423 2762 ullam
1464 2721 1723 2774 probabilem

101 2799 192 2829 esse
225 2800 322 2830 cum
352 2788 400 2829 B.
434 2787 665 2831 Schmidtio
696 2790 763 2844 (cf.
796 2790 888 2831 adn.
921 2789 993 2843 cr.)
1026 2791 1249 2831 consentio.
