2013 3223
1027 108 1170 167 170—

247 231 425 278 Hesperus
439 232 596 276 idemque
612 231 702 265 Eous
717 243 749 276 p.
763 232 808 265 50
818 242 868 276 sq.
885 231 1027 266 53—55

248 292 460 336 hymenaeus
485 302 517 336 p.
547 291 590 324 79
603 301 652 335 sq.
679 290 724 324 92

248 410 339 444 idem
365 421 397 454 p.
424 409 469 443 50

248 469 399 503 innubus
424 479 456 512 p.
485 468 551 501 153

250 586 371 621 modus
397 584 597 630 potentialis
624 595 656 628 p.
688 584 740 616 11.
769 583 837 616 164

248 715 319 740 nec,
346 714 420 738 non
441 713 512 747 pro
542 712 599 746 ‘ne
627 729 657 735 ..
685 697 840 746 quidem’
868 700 1027 744 ponitur

341 774 373 807 p.
403 762 468 795 131

248 832 310 854 uec
334 820 458 854 mirum
485 831 517 864 p.
545 819 588 853 23
601 829 651 863 sq.

247 951 264 973 o
292 939 332 972 in
357 938 619 973 eaeclamatione
646 949 677 981 p.
706 937 774 971 143
786 947 836 980 sq.

247 997 415 1042 Olympus
440 1000 474 1031 et
495 995 581 1031 Oeta
608 999 745 1030 montes
776 1007 808 1040 p.
834 995 891 1029 40.
917 996 956 1029 41
976 1006 1025 1040 sq.

247 1116 361 1162 palma
387 1128 420 1161 p.
448 1116 502 1150 15.
531 1115 575 1149 16
589 1125 638 1159 sq.
667 1114 808 1149 20-22

247 1186 311 1220 par
335 1186 367 1220 p.
396 1175 440 1209 33
450 1185 500 1219 sq.

246 1234 386 1279 patrfis)
411 1245 443 1278 p.
470 1234 553 1278 8sq.

247 1295 351 1336 πήνη,
380 1295 594 1336 πηνίζεσθαι
620 1304 652 1337 p.
682 1292 724 1326 19

248 1363 309 1397 per
333 1363 366 1396 p.
393 1352 438 1386 36
454 1362 503 1396 sq.

246 1411 434 1456 perfectum
493 1407 677 1456 ‘loyicum'
731 1409 829 1454 quod
885 1409 1026 1444 dicitur
1061 1409 1065 1467 j

342 1482 374 1515 p.
402 1470 470 1504 134

247 1531 437 1574 ποιήματα
457 1529 628 1573 ἐπῳὸικιέ,
658 1529 885 1572 παλινῳδικτὶ
910 1539 941 1573 p.
970 1528 1025 1562 92.

342 1589 388 1623 93

248 1647 512 1694 praepositionis
538 1650 574 1680 et
599 1646 752 1681 adverbii
771 1658 811 1680 ea
836 1647 1025 1688 collocatio,

345 1718 431 1751 quae
456 1706 631 1740 notionem
657 1705 763 1739 efficit
782 1706 1026 1739 attributivam

340 1778 373 1811 p.
403 1766 470 1800 130

247 1836 307 1870 pro
333 1836 366 1870 p.
396 1825 463 1859 114

246 1884 414 1929 producta
452 1884 565 1918 finalis
603 1883 729 1917 vocalis
768 1884 849 1917 ante
893 1884 1027 1917 mutam

341 1954 419 1977 cum
443 1942 575 1988 liquida
602 1954 633 1987 p.
663 1942 741 1989 135,

248 2014 402 2049 pugnare
427 2014 460 2048 p.
487 2003 520 2037 4.
549 2003 567 2036 7

247 2122 399 2167 qualum,
426 2121 611 2166 quasillum
637 2133 669 2166 p.
698 2122 742 2156 16
1061 2087 1066 2152 l

247 2181 331 2225 quin
356 2192 389 2226 p.
419 2181 486 2215 132

247 2240 338 2284 quod
362 2239 472 2284 potui,
499 2251 566 2284 quo
592 2239 690 2284 potui
709 2240 874 2284 suppleto
898 2240 1024 2283 infini-

341 2299 417 2333 tivo
443 2310 475 2344 p.
503 2299 571 2334 113
583 2309 633 2343 sq.

248 2369 350 2403 quom
376 2369 406 2392 υ.
433 2369 510 2392 cum

246 2475 402 2521 Sappho:
422 2476 645 2521 epithalamia
660 2488 692 2522 p.
707 2477 859 2512 81—86.
873 2478 1024 2513 88—90.

340 2535 397 2570 91.
424 2536 468 2570 93

1147 230 1278 275 figurae
1304 243 1336 276 p.
1362 233 1406 267 87
1419 243 1468 277 sq.

1147 292 1304 333 κλητικοὶ
1334 293 1442 338 ὕμνοι
1467 303 1499 336 p.
1526 292 1572 327 86

1148 349 1260 394 poesis
1286 349 1418 383 indoles
1443 362 1475 395 p.
1503 350 1558 385 81.
1585 351 1631 386 94

1149 419 1259 441 sermo
1285 420 1316 453 p.
1343 408 1399 443 82.
1425 410 1471 444 89

1149 467 1323 500 adamavit
1358 468 1516 501 binorum
1554 479 1715 502 versuum
1758 480 1883 515 aequa·

1195 526 1281 559 lium
1307 529 1497 569 systemata
1523 538 1556 571 p.
1584 528 1688 572 90sq.

1149 595 1255 617 novas
1300 585 1466 629 quasdam
1510 586 1673 619 scientias
1722 587 1880 621 consulto

1195 644 1377 688 usurpavit
1401 655 1432 688 p.
1460 644 1516 677 22.
1543 644 1682 679 53-55

1101 736 1252 781 scalpere
1278 749 1310 781 p.
1338 738 1383 771 66

1101 795 1150 829 sic
1176 798 1269 829 certe
1294 798 1349 830 est
1373 808 1406 841 p.
1433 797 1479 831 29

1101 856 1381 888 sternumentum
1408 867 1439 900 p.
1469 855 1536 889 145

1101 923 1241 956 surgere
1267 917 1300 947 et
1325 924 1529 957 consurgere
1555 926 1588 959 p.
1615 915 1755 949 30—32

1103 1066 1277 1100 tabescere
1304 1067 1442 1111 aliaque
1468 1067 1620 1102 eiusdem
1640 1067 1761 1112 stirpis
1787 1079 1881 1102 voca-

1194 1125 1277 1159 bula
1302 1137 1334 1170 p.
1362 1126 1487 1170 120sq.

1101 1187 1238 1229 tompus
1263 1187 1328 1226 est,
1354 1184 1455 1218 adest
1480 1197 1511 1230 p.
1538 1186 1678 1221 42-46

1100 1243 1230 1276 Tibulli
1267 1243 1435 1287 quaedam
1479 1244 1515 1277 in
1559 1244 1730 1278 narrando
1768 1244 1879 1278 virtue

1195 1314 1227 1347 p.
1255 1303 1323 1336 140

1101 1361 1234 1404 tollere,
1261 1361 1547 1396 constructiones
1572 1373 1604 1406 p.
1631 1362 1773 1398 38—40

1101 1423 1198 1455 totus
1232 1431 1312 1454 eum
1332 1421 1607 1464 praepositione
1639 1421 1694 1455 vel
1723 1422 1804 1456 sine
1836 1431 1880 1456 ea

1196 1492 1227 1525 p.
1254 1481 1299 1514 38

1101 1539 1260 1581 transire,
1287 1540 1386 1573 notio
1411 1550 1443 1583 p.
1473 1538 1539 1572 123

1101 1601 1187 1641 tum,
1214 1599 1315 1632 notio
1341 1609 1372 1642 p.
1401 1597 1468 1632 135

1101 1720 1141 1751 ut
1166 1729 1198 1762 p.
1228 1716 1295 1751 159
1307 1727 1381 1761 sqq.
1411 1716 1477 1750 166
1489 1727 1539 1761 sq.

1100 1883 1203 1916 verba
1230 1882 1398 1927 simplicia
1423 1884 1460 1915 et
1493 1892 1554 1927 per
1591 1880 1709 1926 ‘com-²
1748 1893 1881 1928 compo-

1196 1942 1265 1975 sita
1308 1953 1341 1986 p.
1384 1942 1430 1976 30
1441 1952 1491 1986 sq.
1537 1941 1604 1976 155
1648 1941 1689 1976 cf.
1733 1953 1766 1987 p.
1813 1942 1879 1976 157

1195 2001 1410 2044 (frustrari),
1470 2000 1536 2036 158
1588 2000 1759 2043 (docere),
1812 2001 1879 2036 164

1195 2063 1321 2104 (ruere)

1099 2120 1314 2154 veronenses
1340 2130 1451 2153 mores
1477 2131 1510 2165 p.
1538 2120 1605 2154 106

1099 2182 1214 2214 vester
1237 2191 1313 2214 non
1333 2189 1405 2223 pro
1430 2176 1544 2224 ‘tuus'
1569 2179 1726 2223 ponitur
1750 2191 1783 2224 p.
1813 2180 1878 2215 113

1099 2239 1223 2273 viduus
1249 2250 1281 2284 p.
1309 2239 1354 2273 68
1368 2250 1418 2284 sq.

1099 2299 1222 2333 vitium
1248 2299 1387 2332 cultura
1412 2310 1444 2343 p.
1472 2299 1516 2333 67
1532 2309 1582 2343 sq.
1610 2298 1655 2333 69
1667 2309 1718 2343 sq.

1098 2358 1264 2392 vocabula
1288 2360 1446 2392 mutuam
1478 2357 1622 2391 duarum
1656 2369 1880 2403 personarum

1194 2417 1247 2451 vel
1296 2428 1410 2451 rerum
1460 2417 1692 2451 condicionem
1750 2416 1880 2461 signifi-

1195 2477 1309 2510 cantia
1334 2488 1367 2521 p.
1395 2476 1500 2521 47sq.
1529 2476 1594 2511 151
1613 2487 1663 2521 sq.
