2013 3223
822 137 958 194 —137

66 282 69 283 ν
114 272 223 301 vana
262 262 327 300 est
363 259 505 301 fabula
547 272 595 301 ex
632 261 703 310 iis,
745 272 851 312 quae
894 260 943 301 de
983 261 1109 301 huius
1151 261 1451 301 coniunctionis
1493 260 1533 301 vi
1575 262 1617 302 et
1653 273 1734 302 usu

114 331 353 383 vulgantur.

237 470 449 519 Similiter,
482 470 554 511 sed
585 472 728 511 tamen
759 471 884 523 paulo
919 471 1041 511 aliter
1073 483 1121 511 ea
1151 471 1386 523 aequalitas
1419 471 1631 512 actionum
1663 471 1734 512 de-

115 541 300 582 flectitur
346 540 398 581 ad
444 541 677 593 praesentis
738 541 937 594 temporis
994 541 1307 582 coniunctivum
1360 541 1642 582 dubitativum
1693 541 1737 581 in

117 611 332 652 enuntiato
363 611 561 664 primario
591 611 788 664 positum,
821 623 1001 663 quocum
1033 610 1245 652 confertur
1276 611 1319 651 in
1352 611 1483 652 altero
1517 611 1734 652 enuntiato

115 682 217 722 item
248 681 448 734 temporis
481 683 556 722 aut
586 682 819 734 praesentis
854 683 928 722 aut
958 683 1253 722 momentanea
1289 682 1506 734 praeteriti
1546 683 1660 723 notio
1693 682 1736 722 in

115 752 181 792 his
214 751 374 792 duobus
405 752 505 792 locis
538 764 570 792 c.
601 752 720 792 XXX
760 757 856 804 5sq.
899 754 941 792 et
981 751 1159 792 LXXVI
1203 757 1299 804 9sq.
1360 754 1499 804 Atque
1540 753 1610 793 ille
1652 752 1737 792 iam

116 822 349 863 rectissime
381 823 607 862 restitutus
641 824 705 863 est
744 835 818 875 per
849 823 1095 871 Munroum,
1138 823 1209 874 qui
1249 822 1450 863 membris
1493 822 1737 871 coniunctis,

119 904 225 944 quae
258 892 362 933 falso
396 893 710 946 separabantur,
742 893 822 933 hac
854 893 1144 933 emendatione
1179 893 1325 946 (quam
1366 893 1455 946 ipse
1498 905 1664 945 quoque
1695 892 1739 932 in

115 962 330 1016 veneram)
362 963 557 1003 vitiosam
589 963 812 1004 lectionem
844 963 995 1003 codicis
1028 962 1065 1002 V
1103 954 1250 1022 ‘quae'
1286 963 1485 1003 correxit:

354 1033 486 1085 Quom
517 1035 563 1072 tu
592 1031 772 1085 neqleyz's
804 1046 853 1073 ac
884 1047 946 1073 me
978 1033 1178 1073 miserum
1210 1032 1368 1073 deseris
1400 1033 1446 1072 in
1478 1032 1617 1082 malis,

353 1102 476 1144 Eheu
507 1103 612 1155 quid
639 1103 818 1155 faciant,
852 1103 930 1152 dic,
963 1103 1148 1144 homines
1179 1103 1296 1143 cuive
1327 1102 1508 1143 habeant
1536 1101 1695 1154 fidem?

119 1173 248 1216 Cuius
281 1174 362 1215 loci
392 1174 782 1227 interpretationem
815 1174 918 1215 satis
959 1174 1154 1215 idoneam
1195 1174 1429 1214 Baehrensi
1470 1174 1740 1214 commentar.

116 1257 154 1298 p.
199 1250 282 1286 190
323 1245 505 1298 praebet.
574 1245 874 1286 Adnotaverim
916 1245 994 1285 hoc
1035 1257 1187 1293 unum,
1234 1244 1338 1284 illud
1380 1257 1501 1295 quom
1541 1257 1615 1297 per
1655 1244 1741 1284 vim

119 1328 240 1356 suam
271 1315 492 1356 relativam
526 1315 574 1356 ad
609 1317 769 1356 statum
802 1316 1083 1368 superioribus
1117 1315 1305 1356 versibus
1340 1320 1362 1356 3
1399 1317 1442 1355 et
1474 1320 1500 1355 4
1535 1314 1742 1366 significa-

117 1387 210 1426 tum
242 1385 399 1426 referri.
459 1386 580 1427 Idem
611 1387 740 1435 igitur
774 1386 831 1427 sic
863 1386 1037 1427 dixeris:
1072 1398 1199 1438 quom
1232 1387 1279 1425 tu
1310 1397 1377 1426 me
1421 1417 1455 1424 ..
1499 1385 1655 1426 deseris
1695 1416 1741 1434 ..‚

119 1458 169 1496 ut
209 1468 293 1496 non
334 1455 502 1497 dubitas
541 1455 708 1508 fallere,
751 1457 909 1497 nemini
954 1456 1080 1497 fidem
1120 1456 1358 1496 habendam
1405 1467 1495 1496 esse
1544 1455 1741 1496 ostendis.

118 1528 381 1580 Aspernatur
412 1527 453 1567 id
475 1527 643 1567 Munroi
674 1527 895 1567 inventum
932 1527 1083 1567 iniuria
1114 1527 1162 1566 R.
1185 1526 1358 1566 Richter
1389 1526 1432 1566 in
1463 1538 1599 1578 progr.
1631 1525 1742 1578 Lips.

121 1598 328 1650 gymnasii
359 1597 463 1649 regii
495 1602 601 1639 1881
637 1610 675 1650 p.
699 1598 783 1644 5*;
817 1598 1011 1650 opinatur
1044 1596 1313 1638 offensionem
1345 1597 1499 1637 habere
1533 1607 1744 1648 gramma-

122 1668 250 1709 ticam
282 1668 504 1709 coniuncta
535 1668 639 1709 haec
674 1680 821 1729 ‘quom
863 1670 911 1708 tu
942 1668 1128 1720 neglegis
1163 1699 1197 1707 ..
1231 1667 1331 1719 quid
1363 1657 1563 1715 faciant‘,
1603 1667 1743 1719 potius

122 1739 325 1779 sermonis
358 1751 439 1779 usu
470 1739 675 1791 postulari
712 1739 767 1798 ‘si
797 1729 1019 1790 neglegis’.
1083 1737 1168 1779 Cur
1199 1737 1240 1778 id
1280 1737 1538 1790 postuletur,
1570 1749 1653 1777 non
1685 1736 1745 1776 di-

123 1810 178 1850 cit
210 1812 252 1849 et
284 1809 478 1861 equidem
509 1809 659 1849 nescio.
723 1808 805 1849 Sed
838 1809 1048 1861 vituperat
1088 1821 1185 1849 eum
1223 1807 1525 1848 coniunctionis
1572 1798 1740 1868 ‘quom'

121 1891 259 1928 usum,
293 1880 364 1932 qui
395 1880 641 1933 plerumque
674 1880 903 1932 ignoratur.
965 1879 1057 1920 Hac
1089 1879 1434 1932 interpretatione
1469 1878 1594 1918 simul
1626 1878 1745 1918 irrita

121 1950 230 1990 fiunt
261 1950 495 1991 tentamina
536 1950 588 1990 H.
626 1949 844 1990 Bliimneri
882 1948 936 1989 N.
978 1949 1130 1991 Jahrb.
1176 1955 1253 1991 131
1299 1962 1336 2002 p.
1378 1953 1631 1996 879-881,
1674 1947 1746 1999 qui

122 2022 262 2061 totum
295 2033 463 2061 carmen
494 2021 536 2060 in
559 2022 792 2073 systemata
820 2023 1035 2061 ternorum
1070 2032 1268 2060 versuum
1305 2020 1487 2072 partitur
1520 2017 1586 2071 (cf.
1619 2030 1746 2071 supra

123 2103 162 2144 p.
196 2090 278 2144 91.)
312 2093 354 2132 et
386 2103 531 2132 versus
565 2096 590 2131 4
637 2094 679 2131 et
722 2095 745 2132 5
786 2091 950 2131 inverso
992 2090 1133 2131 ordine
1175 2092 1270 2143 post
1311 2103 1346 2129 v.
1392 2095 1443 2131 10
1486 2088 1745 2130 collocandos

125 2173 216 2202 esse
250 2163 403 2202 censet.

241 2232 360 2272 Alter
392 2234 535 2272 autem
566 2232 681 2272 locus
713 2231 878 2284 pulchri
910 2232 1032 2271 istius
1058 2231 1266 2279 carminis,
1299 2231 1418 2271 cuius
1441 2230 1490 2270 de
1513 2230 1620 2270 mira
1641 2229 1748 2270 veri-

124 2304 213 2343 tate
235 2302 282 2343 Β.
308 2302 499 2343 Schmidt
530 2303 572 2342 in
604 2303 758 2355 proleg.
790 2315 828 2355 p.
861 2302 954 2342 XII.
977 2301 1153 2342 LXXIX
1185 2302 1288 2342 bene
1321 2300 1532 2349 iudicavit,
1565 2300 1623 2341 sic
1643 2299 1748 2340 mihi

125 2372 291 2413 videtur
323 2373 615 2426 corrigendus:

366 2441 521 2484 Omnia
553 2456 700 2495 quom
732 2443 925 2495 inyratcce
949 2442 1177 2493 perierunt
1208 2441 1368 2482 credita
1401 2441 1539 2490 menti,

363 2513 504 2565 Quare
536 2526 611 2554 eur
642 2516 696 2553 tu
726 2516 762 2553 te
797 2513 881 2553 iam
913 2512 1098 2563 amplius
1131 2511 1376 2552 excrucies?

130 2575 218 2646 ‘tu'
253 2584 491 2625 felicissime
523 2584 700 2625 inseruit
741 2584 806 2624 Fr.
842 2584 983 2625 SchoH
1014 2581 1133 2623 Neue
1165 2581 1315 2624 Jahrb.
1351 2589 1429 2623 121
1474 2595 1512 2635 p.
1546 2586 1648 2630 484,
1683 2587 1748 2622 22.

127 2654 305 2695 Hiatum
338 2655 448 2695 enim
479 2655 592 2695 hunc
635 2655 677 2694 in
719 2666 892 2696 caesura
932 2654 1186 2707 pentametri
1228 2653 1398 2694 tolerari
1438 2664 1558 2706 posse
1602 2651 1750 2705 Sydow

128 2724 177 2765 de
209 2725 472 2766 recensendis
497 2724 654 2766 Catulli
686 2725 939 2766 carminibus
972 2723 1069 2764 diss.
1092 2723 1272 2764 Berolin.
1308 2727 1416 2764 1881
1452 2735 1489 2776 p.
1520 2727 1572 2764 68
1586 2735 1646 2774 sq.
1680 2722 1749 2762 de-

127 2797 364 2836 monstrare
396 2808 478 2836 non
509 2795 658 2848 potuit.
721 2794 840 2845 Quod
873 2794 1055 2834 traditur
1092 2784 1377 2854 tomniaque',
1418 2793 1459 2834 id
1490 2793 1649 2834 mutari
1682 2804 1750 2832 vo-
