2013 3223
101 597 140 624 10

99 1032 137 1058 15

96 1466 137 1493 20

94 1818 135 1845 25

94 2230 135 2257 ³0

856 155 910 190 95

194 279 384 328 Cernitis,
415 279 629 331 innuptae,
661 278 864 318 iuvenes?
897 277 1133 329 consurgite
1166 278 1333 318 contra:

193 350 404 390 Nimirum
438 348 616 390 Oetaeos
650 348 833 389 ostendit
863 348 1040 388 noctifer
1070 348 1194 399 iynes.

200 431 268 473 Sic
301 433 478 472 certest:
511 431 634 471 viden
667 433 716 470 ut
745 430 969 483 perniciter
1001 430 1212 471 exiluere?

191 502 285 543 Non
317 505 473 542 temere
507 501 698 549 exiluere,
732 503 884 541 canent
916 500 1025 552 quod
1058 500 1190 541 visere
1222 514 1298 554 par
1330 506 1406 544 est.

249 584 416 637 Hymen
449 597 470 624 o
503 584 757 637 Hymenaee,
787 583 956 636 Hymen
989 583 1087 624 ades
1120 596 1141 624 o
1163 583 1419 636 Hymenaee.

190 713 283 753 Non
316 713 448 754 facilis
480 712 598 753 nobis
631 725 651 753 e
686 712 821 764 qualis
854 712 995 765 palma
1026 714 1175 764 parata
1207 714 1294 753 est:

188 783 385 837 Aspicite,
416 783 629 836 innuptae,
663 795 805 823 secum
836 785 884 823 ut
914 782 1119 823 meditata
1151 783 1385 835 requirunt.

189 865 283 906 Non
314 865 472 906 frustra
504 865 786 911 meditantur;
819 865 976 905 habent
1006 865 1277 906 memorabile
1311 867 1421 918 quod
1454 868 1519 917 sit,

188 936 277 977 Nec
308 937 474 985 mirum,
505 935 673 989 penitus
707 948 829 987 quom
862 937 951 975 tota
982 938 1122 976 mente
1154 936 1360 977 laborant.

188 1018 276 1059 Nos
310 1019 388 1059 alio
420 1021 595 1066 mentes,
628 1018 708 1058 alio
741 1017 958 1057 divisimus
992 1029 1136 1058 aures:

186 1089 284 1130 Iure
316 1089 448 1141 igitur
480 1089 706 1136 vincemur,
740 1090 855 1128 amat
888 1088 1061 1128 victoria
1093 1100 1249 1128 curam.

189 1172 328 1223 Quare
360 1184 472 1212 nunc
505 1171 665 1212 animos
699 1171 848 1211 saltem
883 1170 1133 1211 committite
1167 1172 1350 1212 vestros:

186 1243 334 1284 Dicere
367 1243 452 1283 iam
482 1243 692 1295 incipient,
724 1242 809 1282 iam
840 1241 1088 1294 respondere
1123 1241 1295 1283 decebit.

245 1325 413 1378 Hymen
446 1337 468 1365 o
500 1324 754 1377 Hymenaee,
785 1323 951 1376 Hymen
987 1323 1085 1364 ades
1118 1336 1139 1364 o
1171 1323 1427 1376 Hymenaee.

187 1454 385 1507 Hespere,
419 1454 511 1505 quis
545 1454 656 1495 caelo
690 1453 824 1494 fertur
856 1453 1062 1494 crudelior
1093 1453 1232 1505 ignis?

188 1523 268 1574 Qui
300 1526 446 1564 natam
477 1524 612 1577 possis
645 1524 861 1576 complexu
894 1523 1071 1564 avellere
1103 1524 1263 1572 matris,

189 1594 460 1647 Complexum
491 1595 639 1635 matris
672 1595 923 1635 retinentem
957 1594 1134 1634 avellere
1167 1596 1312 1635 natam

187 1665 242 1705 Et
273 1665 412 1705 iuveni
445 1665 608 1706 ardenti
641 1668 801 1705 castam
835 1664 987 1705 donare
1020 1664 1217 1717 puellam.

187 1735 296 1786 Quid
328 1735 489 1776 faciunt
520 1735 663 1776 hostes
697 1737 819 1788 capta
851 1734 1061 1775 crudelius
1094 1735 1226 1775 urbe?

244 1805 412 1859 Hymen
445 1818 466 1846 o
498 1805 751 1858 Hymenaee,
783 1805 951 1858 Hymen
985 1804 1081 1845 ades
1115 1818 1136 1845 o
1169 1804 1422 1857 Hymenaee.

186 1935 383 1988 Hespere‚
417 1935 509 1986 quis
543 1935 655 1975 caelo
689 1935 801 1975 lucet
833 1934 1049 1975 iucundior
1081 1934 1219 1986 ignis?

186 2004 268 2056 Qui
301 2005 505 2058 desponsa
537 2007 611 2045 tua
643 2004 782 2045 firmes
816 2005 991 2045 conubia
1023 2003 1207 2053 flamma,

187 2074 302 2126 Quae
334 2076 526 2129 pepigere
560 2076 647 2124 viri,
678 2076 929 2128 pepigerunt
961 2077 1057 2116 ante
1089 2077 1297 2128 parentes,

185 2146 274 2187 Nec
304 2146 472 2187 iunxere
505 2146 620 2199 prius
654 2159 781 2198 quam
814 2159 857 2187 se
890 2149 989 2186 tuus
1023 2146 1173 2186 extulit
1206 2146 1338 2187 ardor.

187 2215 297 2267 Quid
330 2216 454 2257 datur
487 2229 511 2257 a
542 2216 647 2257 divis
680 2216 790 2257 felici
823 2217 1008 2269 optatius
1041 2217 1173 2256 hora?

243 2287 411 2340 Hymen
444 2299 466 2328 o
497 2287 752 2340 Hymenaee,
784 2287 950 2340 Hymen
985 2286 1082 2327 ades
1116 2300 1138 2327 o
1169 2286 1426 2339 Hymenaee.

1578 286 1657 323 bA‘

1575 594 1626 627 ab

1578 722 1642 756 bB

1571 1333 1625 1367 ab

1576 1461 1634 1495 bre

1573 1952 1592 1974 a
1603 1939 1638 1974 (ι’

163 2662 181 2696 7
207 2661 334 2695 imbres
350 2660 379 2694 Τ
399 2662 508 2695 imber
540 2661 573 2695 V
618 2663 658 2696 11
687 2672 704 2703 e
723 2664 755 2704 (e
780 2661 823 2696 G.
848 2661 917 2703 01³)
939 2661 1050 2706 qualis
1066 2661 1103 2704 T,
1131 2661 1289 2695 distinxi
1340 2662 1382 2694 14
1409 2661 1510 2695 habet
1526 2660 1557 2694 T
1578 2660 1690 2701 solus,

3 2747 6 2751 .
66 2720 182 2755 omisit
214 2720 272 2764 Vss
292 2719 408 2765 quom]
435 2731 521 2765 quac
549 2720 584 2761 T,
612 2721 752 2756 correaei
802 2722 844 2755 17
873 2720 1063 2755 convertite
1091 2720 1120 2753 T
1189 2721 1235 2754 20
1261 2721 1319 2764 qui
1346 2719 1380 2753 V
1401 2719 1534 2754 eaeciclit
1560 2719 1690 2763 opinor

67 2789 84 2812 s
109 2782 193 2813 ante
219 2779 371 2813 litteram
400 2779 491 2813 vocis
516 2779 696 2823 sequentis
722 2780 894 2814 initialem
923 2790 940 2812 c
962 2780 1097 2820 formae
1122 2779 1358 2813 similitudine
1421 2778 1465 2812 22
1491 2777 1561 2812 Con
1587 2777 1689 2822 plexu

67 2836 100 2871 T
121 2836 304 2882 Complexu
337 2837 371 2872 V
391 2837 609 2882 Complexum
629 2839 747 2882 patris
773 2839 863 2873 coni.
890 2838 931 2872 P.
957 2837 1181 2872 Krambholz

1241 2838 1285 2872 26
1312 2837 1370 2882 qui
1404 2835 1436 2870 V
1457 2835 1634 2871 iocundior
1660 2834 1695 2868 V
