2013 3223
1067 147 1122 182 40

523 270 640 311 Illae
669 270 853 311 tollentes
885 270 1115 310 etiamnum
1147 268 1280 309 libera
1312 268 1422 309 caelo

523 340 718 381 Brachia
753 340 936 402 tBacche
959 343 1098 391 pater,
1129 339 1195 392 fer
1225 353 1339 391 opem
1351 332 1384 379 Γ
1421 339 1574 380 dixere.

287 411 330 452 Is
363 414 502 452 autem
526 411 702 460 dativus,
737 411 887 464 quippe
912 412 982 463 qui
1014 412 1151 452 locum
1185 411 1389 463 significet
1411 424 1435 451 6
1455 411 1666 464 principio,
1700 410 1750 451 ad
1774 423 1899 463 quem

289 493 434 522 versus
466 481 690 522 inclinatur
731 481 871 533 aliqua
903 481 1030 530 actio,
1071 494 1147 534 par
1186 481 1269 523 fere
1303 483 1366 522 est
1397 482 1564 522 notione
1605 481 1666 520 illi
1698 481 1898 521 locutioni

291 552 362 613 (ad
401 543 599 599 caelum’,
662 553 803 592 tamen
855 551 1087 592 differentia
1135 552 1339 604 quaedam
1386 551 1618 593 intercedit.
1688 551 1899 603 Deligitur

290 621 401 662 enim
434 621 599 662 dativus
633 633 656 662 a
679 622 890 674 scriptore,
923 624 970 662 ut
1002 623 1090 663 eius
1125 622 1299 663 actionis
1331 622 1577 663 relationem
1611 621 1822 674 quandam
1845 621 1898 661 ad

288 692 408 732 illum
449 692 586 732 locum
631 692 720 732 fieri
772 694 964 739 notetur;
1013 693 1047 733 is
1094 693 1222 745 igitur
1270 693 1341 745 qui
1383 683 1527 754 (66610)
1573 691 1748 732 brachia
1787 690 1899 731 tollit

286 762 370 802 sive
399 761 611 812 portendit
643 761 690 802 cf.
722 762 742 802 I
777 768 871 811 766,
917 763 1011 804 inde
1045 763 1202 815 aliquid
1236 763 1399 803 videtur
1432 765 1668 815 exspectare
1701 763 1767 803 vel
1800 775 1898 803 cum

286 831 436 873 affectu
469 832 650 884 quodam
682 845 728 874 eo
763 846 805 874 se
838 834 1054 874 convertit.

400 902 491 943 Iam
523 903 565 942 in
599 902 835 944 Catulliano
867 904 954 944 loco
987 902 1159 956 Olympo
1191 916 1267 944 1166
1299 903 1464 943 dativus
1497 914 1586 943 esse
1618 903 1767 955 potest,
1798 913 1899 942 nam

284 973 406 1013 stella
437 974 674 1026 vespertina
708 973 779 1035 <ad
803 965 1050 1027 Olympum'
1086 986 1167 1015 non
1200 974 1310 1015 tollit
1341 974 1521 1021 lumina,
1568 985 1644 1013 nec
1676 972 1900 1021 ablativus,

283 1056 381 1084 nam
440 1044 512 1105 ‘ab
560 1035 774 1097 Olympo’,
828 1045 1076 1097 praesertim
1131 1045 1165 1085 si
1225 1057 1268 1106 ta
1314 1037 1445 1085 caelo’
1497 1056 1592 1085 cum
1640 1043 1897 1084 Baehrensio

285 1114 460 1167 aliisque
482 1114 716 1167 intellegas,
748 1115 851 1155 item
872 1128 953 1155 non
977 1116 1086 1156 tollit
1108 1116 1256 1163 lucem,
1288 1128 1363 1156 nec
1388 1116 1456 1156 ille
1486 1115 1556 1167 qui
1589 1114 1739 1155 dicitur
1765 1114 1899 1174 ‘abla-

282 1185 393 1225 tivus
434 1176 545 1225 loci'.
607 1185 717 1225 Nam
757 1186 792 1226 is
835 1188 909 1226 aut
938 1186 1091 1226 nullus
1134 1188 1198 1226 est
1243 1198 1289 1226 66
1320 1186 1567 1239 plerumque
1608 1197 1681 1238 per
1712 1184 1897 1236 reliquas

282 1266 404 1296 casus
448 1246 659 1316 ‘ablativi'
697 1256 879 1296 rationes
922 1256 1206 1308 explanandus
1251 1258 1324 1296 aut
1367 1256 1401 1296 si
1432 1256 1499 1296 hic
1542 1256 1799 1308 acciperetur
1834 1254 1896 1315 ι111

281 1325 394 1366 66610
427 1317 608 1374 tollere'‚
641 1325 682 1365 id
713 1326 817 1366 nihil
849 1338 939 1366 esse
971 1326 1055 1366 iam
1088 1327 1209 1367 Riese
1243 1326 1469 1367 adnotavit.
1532 1324 1723 1366 Lumina
1755 1326 1898 1366 autem

281 1397 376 1448 apte
422 1396 723 1449 interpretatus
772 1398 836 1437 est
875 1396 1088 1437 Baehrens
1140 1397 1301 1458 tlumen
1348 1397 1432 1437 late
1479 1397 1520 1437 in
1565 1408 1707 1437 omnes
1754 1397 1897 1449 partes

282 1458 539 1519 splendens'.
610 1466 824 1519 Hesperus
866 1467 996 1515 enim,
1040 1467 1110 1519 qui
1151 1467 1192 1507 in
1224 1480 1259 1507 v.
1296 1474 1315 1507 1
1360 1466 1532 1518 Vesper,
1574 1467 1617 1507 in
1649 1467 1736 1520 ipso
1770 1468 1896 1508 cantu

281 1537 504 1578 amoebaeo
545 1538 764 1590 gravitatis
806 1550 932 1578 causa
972 1536 1190 1588 Hesperus
1230 1538 1471 1578 nominatur
1516 1537 1581 1590 (cf.
1621 1537 1755 1578 Bonin
1796 1537 1820 1577 1.
1863 1549 1896 1577 c.

281 1621 318 1661 p.
356 1608 437 1660 17),
471 1608 555 1648 sive
587 1607 765 1657 Lucifer,
798 1609 862 1649 cui
891 1599 1046 1668 ‘iubar'
1082 1609 1209 1649 etiam
1243 1621 1266 1649 a
1299 1609 1424 1650 Calvo
1456 1609 1499 1648 in
1531 1608 1799 1661 epithalamio
1823 1607 1896 1648 ad-

283 1678 498 1727 scribitur,
541 1679 591 1719 ab
623 1678 804 1719 Homero
837 1677 968 1733 ᾰστὴρ
1001 1677 1248 1734 φαάντατος
1281 1679 1515 1732 appellatur
1548 1704 1601 1708 —
1634 1678 1799 1719 Lucifer
1832 1679 1898 1718 est

280 1749 317 1789 V
354 1754 405 1791 93
441 1774 507 1797 ——‚
540 1748 765 1798 κάλλιστος
799 1773 849 1777 -
884 1750 919 1789 16
963 1750 1027 1789 est
1058 1747 1238 1804 ἕσπερος
1269 1750 1306 1790 Χ
1341 1755 1421 1791 317
1458 1774 1523 1797 —,
1565 1749 1678 1790 sidus
1712 1750 1775 1789 est
1810 1760 1895 1810 (ra-

282 1819 359 1861 diis
400 1820 560 1872 insigne
603 1811 822 1868 coruscis',
862 1822 910 1860 ut
943 1820 1002 1860 ait
1035 1819 1207 1861 Ovidius
1250 1821 1298 1861 de
1333 1821 1440 1870 sole,
1485 1832 1610 1872 quem
1641 1821 1743 1860 item
1776 1820 1897 1860 iubar

279 1892 402 1931 vocat
442 1893 540 1931 met.
581 1890 602 1930 Ι
635 1895 731 1932 768.
792 1890 910 1931 Idem
953 1891 1057 1931 16616
1100 1904 1231 1943 genus
1272 1891 1418 1932 stellae
1462 1892 1643 1932 comanti
1684 1892 1782 1931 met.
1814 1889 1891 1930 XV

281 1965 361 2002 841
399 1961 488 2002 6011.
524 1966 605 2002 749
641 1963 683 2001 et
715 1973 888 2002 aurorae
921 1961 1016 2002 fast.
1047 1961 1108 2002 IV
1144 1967 1227 2003 944
1260 1962 1470 2002 tribuitur.

395 2031 486 2072 Iam
526 2032 643 2072 nulla
684 2044 726 2072 re
759 2032 1047 2085 prohibemur,
1091 2032 1162 2072 sed
1205 2033 1268 2073 his
1312 2045 1414 2084 quas
1448 2032 1618 2085 exposui
1659 2032 1893 2072 rationibus

278 2103 464 2154 cogimur
511 2115 731 2155 vesperum
777 2103 947 2143 luminis
996 2103 1060 2143 sui
1107 2104 1266 2144 corusci
1313 2103 1449 2143 radios
1501 2116 1592 2163 ‘per
1642 2094 1891 2156 Olympum'

278 2172 392 2213 fusos
434 2174 649 2214 tollentem
682 2174 946 2225 intellegere:
997 2186 1118 2226 porro
1153 2174 1352 2226 quoniam
1385 2174 1473 2214 eius
1507 2174 1652 2214 stellae
1684 2173 1789 2214 radii
1820 2185 1894 2226 per

278 2244 439 2284 eaelum
481 2243 596 2283 fundi
635 2257 717 2284 11011
760 2246 954 2296 possunt,
1001 2243 1202 2296 Olympus
1233 2257 1315 2285 non
1348 2245 1511 2285 66616111
1553 2244 1777 2297 significat,
1819 2243 1894 2284 sed

278 2314 415 2366 ipsum
459 2316 664 2357 montem.
711 2315 827 2355 cuius
869 2327 942 2367 per
973 2313 1189 2367 fastigium
1233 2313 1397 2355 lumina
1437 2314 1749 2363 diffunduntur,
1797 2327 1893 2355 cum

279 2396 402 2437 super
440 2385 480 2424 id
522 2385 655 2425 oriens
700 2386 821 2425 stella
866 2386 1138 2438 conspicitur,
1181 2398 1287 2438 quae
1320 2398 1445 2439 super
1478 2386 1639 2427 caelum
1671 2398 1714 2426 se
1747 2385 1892 2426 tollere

277 2468 357 2495 non
406 2458 555 2508 potest.
617 2455 807 2496 Pertinet
853 2457 937 2496 huc
983 2456 1189 2508 imprimis
1231 2457 1347 2497 locus
1389 2457 1458 2497 ille
1499 2470 1537 2509 p.
1572 2460 1624 2498 38
1659 2456 1811 2496 allatus
1844 2468 1892 2496 ex

279 2524 351 2565 Ov.
385 2526 476 2566 fast.
509 2526 567 2566 IV
605 2532 687 2568 943
701 2539 760 2578 sq.
825 2527 958 2567 Simili
1000 2527 1127 2579 igitur
1168 2527 1288 2568 modo
1330 2526 1485 2579 Vesper
1521 2526 1693 2579 Olympo
1725 2525 1893 2566 lumina

277 2594 383 2636 tollit
415 2596 572 2637 dictum
605 2600 680 2645 est,
715 2610 794 2649 quo
828 2598 930 2638 haec
961 2599 1126 2638 nostras
1160 2598 1311 2649 aliquis
1352 2600 1476 2651 poeta
1508 2598 1675 2651 scripsit
1708 2597 1757 2638 de
1791 2596 1892 2637 solis

277 2666 501 2706 occidentis
536 2667 661 2708 radiis
694 2668 735 2708 in
767 2667 890 2707 Nord
920 2667 1011 2707 und
1042 2667 1134 2708 Sed
1168 2674 1291 2709 1887.
1327 2675 1407 2710 122
1440 2682 1479 2722 p.
1514 2672 1618 2710 178:
1666 2667 1758 2708 dort
1787 2666 1892 2718 stiey

274 2749 390 2777 zwar
430 2737 505 2777 das
545 2737 967 2790 Wetterstez'nyebirye
1004 2739 1081 2779 wie
1112 2742 1223 2779 sonst
1254 2751 1333 2779 aas
1365 2739 1454 2779 dem
1485 2738 1749 2791 unyeheuren
1782 2735 1893 2778 Thal

276 2807 353 2848 wie
385 2807 454 2848 ein
485 2806 615 2848 Altar
645 2821 794 2859 emper,
836 2809 926 2848 und
955 2808 1078 2849 sehon
1115 2808 1305 2861 glitten
1340 2809 1459 2850 iiber
1490 2809 1670 2850 seinen
1704 2806 1892 2860 Gipfel
