2013 3223
891 127 943 164 75

94 258 150 286 ac
178 238 393 298 parentes'
428 248 637 298 nominat,
670 249 738 289 ubi
779 242 1014 311 ‘parentes'
1056 251 1105 291 de
1136 251 1373 305 principum
1405 253 1611 293 matribus
1646 253 1726 294 dici

101 315 326 368 coniugum
365 318 521 359 mentio
563 319 687 359 antea
731 319 844 360 facta
884 320 1052 361 indicat.
1113 320 1249 373 Igitur
1288 333 1371 362 non
1409 321 1583 375 frugifer
1615 336 1725 375 ager,

102 386 151 426 ut
180 386 250 427 ille
283 387 477 439 opinatus
511 391 585 437 est,
628 389 702 430 sed
734 389 948 431 honestior
980 391 1150 443 virginis
1190 393 1346 444 nuptae
1380 392 1563 433 condicio
1597 405 1724 445 quam

99 455 300 508 innuptae
342 456 409 498 hic
451 469 475 498 a
505 458 726 500 iuvenibus
759 460 1039 513 praedicatur.
1102 460 1184 502 Sed
1217 461 1266 502 de
1299 461 1364 502 his
1398 462 1558 503 duobus
1598 464 1725 504 versi-

99 524 178 565 bus
212 530 265 567 57
298 525 340 566 et
375 532 428 569 58
463 528 608 569 statim
640 541 714 570 5110
746 530 835 571 1000
868 530 1164 584 disputabitur.

167 591 170 594 ’
216 595 440 639 Praeterea
487 598 629 639 eadem
674 599 773 639 vitis
818 600 952 653 primo
1000 601 1042 640 in
1089 613 1187 641 arvo
1235 602 1421 642 solitaria
1467 603 1723 655 proponitur,

98 664 247 707 deinde
279 667 392 709 ulmo
425 669 647 723 maritata23
688 670 874 722 itemque
906 670 1053 711 eadem
1085 671 1200 723 virgo
1232 671 1367 724 primo
1400 672 1597 725 innupta,
1629 685 1724 720 mox

98 742 321 783 conubium
368 741 511 787 nacta;
543 739 603 780 'de
633 740 884 792 [senescente
916 741 1045 793 igitur
1077 741 1162 781 sive
1195 741 1244 781 de
1278 753 1346 790 ea,
1388 754 1494 794 quae
1528 755 1633 783 anus
1664 742 1723 791 fit,

97 812 228 853 oratio
262 813 326 852 est
356 811 484 851 nulla.
527 810 656 851 Nulla
679 811 805 863 virgo,
839 810 939 851 dum
962 811 1141 864 innupta
1163 814 1318 860 manet,
1352 812 1515 852 tamdiu
1537 812 1722 862 senescit,

97 893 359 935 quamquam
403 882 509 921 natu
540 881 673 921 maior
704 880 763 921 fit.
827 880 909 921 Sed
956 881 1066 921 enim
1106 881 1198 934 ipsa
1237 882 1439 935 oppositio
1480 882 1589 923 inter
1631 895 1724 923 eam

97 951 210 993 facta
243 964 349 1004 quae
390 952 567 1004 innupta
608 950 783 1002 ideoque
816 950 977 991 inculta
1008 953 1152 991 manet
1185 952 1227 991 61
1260 951 1456 1000 eandem,
1497 965 1604 1004 quae
1636 965 1726 993 ma-

97 1024 193 1063 turo
224 1024 410 1075 tempore
451 1022 537 1061 viro
570 1021 715 1073 nupsit
758 1020 935 1072 ideoque
968 1021 1099 1062 carior
1131 1021 1178 1061 fit
1209 1021 1296 1062 viro
1328 1023 1550 1074 matrique,
1582 1035 1725 1064 neces-

97 1093 205 1133 sario
246 1092 372 1144 cogit,
415 1093 463 1131 ut
495 1091 679 1138 dicatur,
721 1090 788 1132 cui
833 1091 889 1131 sit
931 1090 1102 1131 inculta.
1165 1091 1276 1132 Talis
1310 1104 1405 1133 vero
1449 1092 1615 1133 dativus
1647 1105 1723 1134 nec

95 1162 214 1202 deest
251 1162 293 1202 111
326 1175 361 1201 1.
403 1166 457 1202 45
489 1173 566 1202 1160
597 1161 664 1201 1110
708 1160 851 1201 deesse
895 1163 1045 1214 potest.
1106 1161 1217 1214 Ergo
1251 1162 1480 1203 absurdum
1523 1166 1588 1204 est
1618 1163 1723 1203 illud

94 1230 258 1272 inculta
294 1231 468 1272 senescit
509 1233 550 1272 et
590 1231 876 1284 reponendum
921 1233 985 1272 est
1017 1231 1179 1272 inculta
1211 1232 1302 1272 suis
1334 1236 1410 1275 est.
1450 1234 1559 1274 unde
1594 1246 1722 1286 quam

98 1302 219 1343 facile
253 1303 462 1355 scriptura
503 1302 575 1342 illa
606 1301 779 1342 sene-scit-
811 1302 985 1343 evadere
1018 1303 1203 1355 potuerit
1234 1303 1301 1343 vix
1334 1316 1437 1356 opus
1471 1306 1535 1344 est
1567 1305 1723 1356 signifi-

97 1385 202 1413 care.
264 1373 524 1414 Pleitnerum
572 1372 741 1412 easdem
789 1372 1101 1413 emendationes
1147 1368 1360 1434 ‘innupta'
1412 1377 1453 1414 et
1495 1375 1602 1435 tsuis
1635 1366 1719 1415 est’

96 1443 122 1482 1.
155 1455 186 1483 0.
219 1455 255 1496 p.
291 1449 356 1484 77.
390 1448 443 1484 79
478 1442 794 1483 commendasse
828 1442 946 1482 addo.

211 1512 303 1552 Iam
337 1513 371 1553 si
403 1513 481 1553 1100
513 1512 758 1560 constiterit,
791 1512 994 1553 habemus
1029 1526 1120 1553 eam
1156 1513 1452 1554 refutationem
1485 1516 1721 1567 puellarum

95 1584 398 1636 recuperatam,
443 1595 526 1635 qua
559 1585 608 1623 ut
641 1583 812 1623 iuvenes
846 1583 912 1623 usi
945 1583 1030 1623 sint
1063 1585 1343 1636 responsionis
1378 1586 1466 1637 lege
1499 1585 1721 1637 efflagitari

95 1653 330 1706 putandum
363 1655 449 1700 est;
483 1653 719 1706 puellarum
753 1654 864 1694 enirn
897 1654 1106 1694 sententia
1139 1657 1181 1695 et
1213 1667 1348 1696 sermo

267 1722 339 1764 Sic
370 1724 497 1775 virgo,
531 1724 630 1764 dum
661 1724 823 1763 intacta
855 1726 1006 1773 manet,
1039 1724 1139 1764 dum
1170 1738 1274 1765 cara
1304 1726 1395 1765 suis
1427 1729 1484 1766 est

95 1794 298 1847 excipitur
332 1795 566 1847 scripturae
599 1794 837 1835 necessaria
871 1795 1123 1835 correctione
1157 1795 1344 1836 adhibita
1377 1797 1454 1837 hoc
1485 1797 1627 1837 modo:

266 1863 338 1905 Sic
368 1865 496 1917 virqo,
532 1864 631 1904 dum
663 1864 846 1915 innupta
878 1867 1029 1913 manet,
1061 1864 1162 1904 dum
1194 1865 1355 1906 *inculta
1387 1867 1478 1907 suis
1509 1870 1576 1907 est.

213 1934 462 1985 Quintiliani
513 1935 641 1988 igitur
682 1935 971 1976 testimonium
1023 1948 1150 1988 supra
1201 1937 1396 1983 allatum,
1445 1924 1554 1989 quod
1595 1939 1720 1979 antea

94 2006 266 2058 quidem
296 2018 372 2047 nec
405 2006 456 2046 ad
490 2006 609 2046 illum
643 2018 811 2046 versum
844 2010 898 2046 45
932 2018 1009 2046 nec
1042 2006 1093 2046 ad
1126 2006 1238 2047 hunc
1271 2013 1325 2049 56
1361 2008 1449 2048 iure
1483 2008 1627 2048 referri
1649 2021 1720 2062 po-

92 2077 223 2125 terat,
266 2089 378 2117 nunc
409 2077 486 2118 hoc
518 2089 641 2117 versu
684 2076 908 2116 emendato
942 2077 1092 2117 erroris
1126 2077 1192 2117 sui
1224 2077 1352 2118 habet
1384 2079 1718 2127 excusationem3

91 2148 205 2187 certe
238 2147 429 2187 neutrius
462 2147 709 2187 memoriam
741 2148 935 2187 accurate
970 2146 1161 2195 tradidit,
1210 2147 1283 2188 sed
1316 2148 1425 2200 quod
1459 2161 1505 2190 ex
1539 2151 1717 2202 utroque

93 2230 219 2258 versu
258 2219 423 2270 partem
455 2217 672 2257 dimidiam
715 2218 952 2269 excerptam
985 2217 1219 2266 coniunxit,
1262 2218 1386 2259 huius
1420 2220 1570 2260 erroris
1604 2220 1717 2272 origo

92 2300 188 2329 eam
219 2288 347 2329 habet
378 2288 466 2328 veri
498 2287 836 2336 similitudinem,
873 2299 956 2339 qua
988 2288 1029 2328 id
1063 2288 1354 2329 testimonium
1385 2290 1574 2339 carebat,
1608 2290 1719 2343 quod

92 2359 231 2399 neutri
272 2359 412 2399 versui
453 2371 687 2411 congruens
727 2360 828 2399 erat.
891 2356 1178 2408 Quintilianus
1219 2359 1347 2411 igitur
1389 2362 1462 2400 aut
1502 2361 1590 2414 ipse
1631 2373 1719 2405 mess

91 2429 224 2470 moria
264 2429 409 2482 lapsus
451 2429 607 2470 erravit
647 2430 722 2469 aut
762 2429 945 2469 alterum
985 2429 1087 2469 illud
1130 2428 1291 2470 factum
1334 2442 1424 2471 esse
1465 2434 1621 2484 potest,
1670 2434 1718 2472 ut

92 2499 290 2551 quoniam
323 2500 374 2540 ab
407 2499 483 2540 hoc
515 2501 557 2540 et
589 2500 640 2540 ab
668 2499 739 2540 illo
761 2511 885 2540 versu
918 2499 1007 2540 eius
1046 2512 1146 2540 usus
1179 2502 1446 2552 grammatici
1479 2503 1717 2555 exemplum

92 2571 234 2623 petere
266 2570 430 2619 licebat,
462 2571 536 2611 hos
571 2570 675 2611 duos
708 2571 820 2611 locos
853 2582 937 2610 una
960 2570 1177 2611 adhiberet
1212 2571 1337 2633 cdum
1370 2572 1529 2614 intacta
1561 2574 1716 2623 manet,

92 2640 194 2681 dum
227 2653 324 2682 cara
356 2641 443 2682 suis
466 2635 549 2682 est¹
587 2642 629 2682 et
653 2641 772 2703 Cdum
794 2641 973 2694 innupta
995 2644 1149 2691 manet,
1182 2641 1283 2683 dum
1315 2643 1475 2684 inculta
1508 2644 1595 2685 suis
1619 2636 1716 2692 est',

91 2711 165 2752 sed
195 2713 341 2765 postea
381 2724 431 2752 ea
471 2712 552 2752 duo
584 2712 826 2753 testimonia
855 2712 1013 2752 librarii
1044 2712 1221 2754 alicuius
1255 2714 1377 2766 culpa
1412 2715 1454 2755 in
1487 2716 1715 2768 archetypo

90 2781 135 2823 in
166 2795 298 2824 unum
331 2784 728 2825 contaminarentur.
