2013 3223
806 145 1012 204 -Ζὲἶἡ

101 281 180 322 que
213 268 316 309 dixit
347 268 426 322 (op.
457 268 501 308 H
531 281 570 321 p.
604 269 722 321 460),
753 269 864 309 idem
895 269 963 309 hic
995 269 1144 310 valeat.
1205 268 1255 309 In
1287 269 1365 309 hoc
1397 270 1507 311 enim
1539 273 1721 314 carmine

103 337 224 399 tnihil
255 337 314 386 fit,
356 338 456 389 quin
487 337 578 378 fieri
611 337 736 377 simul
766 337 973 378 indicetur
1006 330 1226 379 oratione'.
1291 337 1491 391 Sequitur
1523 343 1614 382 tum
1645 343 1723 396 hy-

96 419 297 449 menaeus
330 408 414 448 sive
447 419 615 448 carmen
648 408 932 457 amoebaeum,
964 409 1006 448 in
1040 421 1121 460 quo
1154 408 1288 449 tribus
1321 409 1589 462 stropharum
1611 413 1722 465 pari-

96 479 175 519 bus
208 478 289 518 duo
323 478 436 518 chori
467 478 696 518 contrarios
729 478 839 518 inter
872 491 914 518 se
939 481 1086 519 cantus
1119 480 1341 530 tamquam
1373 479 1588 532 litigantes
1612 495 1722 523 com-

95 548 285 596 mittunt,
318 549 366 587 ut
387 547 430 587 in
454 559 512 596 eo,
547 547 824 599 quodcunque.
848 549 967 600 queri
990 549 1055 589 vel
1078 549 1270 589 incusare
1294 549 1458 602 puellae
1482 555 1720 604 coeperunt,

94 619 186 672 pari
223 620 265 659 et
305 617 496 658 omnibus
536 618 726 670 partibus
764 618 825 658 illi
858 619 1001 659 cantui
1042 631 1089 659 ex
1130 631 1262 671 aequo
1303 620 1493 672 opposita
1534 623 1718 663 oratione

94 689 266 730 laudare
307 688 373 728 vel
412 687 662 740 redarguere
701 689 872 729 iuvenes
929 689 1006 729 sibi
1045 689 1350 742 proposuerint.
1422 690 1508 731 Nec
1554 692 1718 744 longius

95 762 366 799 arcessuntur
406 770 493 806 res,
535 758 585 799 de
626 759 776 810 quibus
810 759 1022 811 litigatur,
1061 759 1132 800 sed
1175 759 1227 800 ad
1260 760 1574 813 simplicitatem
1607 763 1717 803 vitae

92 829 275 869 rusticae
317 830 359 868 et
398 828 449 868 ad
489 829 734 881 nuptiarum
770 830 985 881 vulgatam
1020 829 1366 870 consuetudinem
1399 832 1631 883 pertinent,
1664 833 1717 874 ad

93 911 335 952 vesperum,
369 899 419 939 ad
452 900 640 946 noctem,
674 899 725 939 ad
758 901 922 940 castum
955 900 1118 952 puellae
1151 899 1318 949 florem,
1352 901 1529 953 denique
1562 903 1604 942 in
1636 903 1716 944 fine

94 969 289 1009 carminis
323 969 373 1009 ab
405 969 618 1021 utrisque,
658 970 728 1021 qui
771 971 894 1010 antea
926 970 1090 1009 diversa
1133 970 1350 1011 voluntate
1384 971 1574 1012 distracti
1606 973 1718 1014 vide-

91 1039 265 1087 bantur,
302 1039 343 1079 id
385 1041 597 1080 certamen
639 1039 831 1080 concordi
864 1051 989 1080 3011311
1023 1041 1304 1092 componitur,
1347 1041 1447 1081 dum
1478 1043 1641 1094 puellae
1674 1045 1717 1084 et

90 1109 260 1150 iuvenes
294 1109 496 1160 virginem
528 1108 578 1148 de
612 1109 850 1161 virginitate
884 1109 1037 1149 marito
1071 1110 1211 1150 debita
1243 1110 1534 1152 adhortantur.

207 1179 274 1219 Ita
305 1191 378 1231 per
410 1191 553 1219 omnes
586 1180 726 1231 partes
750 1180 914 1220 nullum
939 1181 1077 1220 exstat
1108 1181 1347 1232 vestigium,
1381 1182 1490 1222 unde
1514 1185 1716 1235 appareat

90 1249 236 1290 choros
268 1249 360 1290 illos
403 1262 450 1289 ex
483 1250 570 1290 loco
613 1262 687 1289 suo
722 1262 764 1290 se
797 1251 1071 1291 commovisse
1105 1253 1180 1290 aut
1212 1252 1414 1292 maritum
1454 1265 1548 1293 cum
1581 1256 1715 1306 nupta

90 1320 141 1360 ab
188 1332 273 1360 una
315 1319 434 1360 domo
479 1320 529 1359 ad
573 1320 750 1360 alteram
789 1321 1009 1361 comitatos
1043 1334 1154 1369 esse,
1203 1321 1311 1373 quod
1358 1322 1461 1363 item
1509 1323 1714 1364 intellexit

87 1390 225 1431 Bonin
257 1391 281 1430 1.
315 1403 347 1430 0.
379 1403 417 1442 p.
451 1395 498 1436 8;
548 1390 657 1430 sicut
700 1390 742 1430 id
787 1391 955 1442 quidem
998 1392 1039 1430 111
1078 1392 1309 1444 hymenaeo
1357 1393 1427 1433 illo
1474 1393 1538 1442 fit,
1588 1407 1713 1446 quem

86 1460 295 1501 Homerus
317 1462 522 1500 memorat
544 1462 581 1499 Σ
599 1464 842 1509 491-496,
876 1462 946 1501 ubi
983 1474 1098 1521 ‘cum
1130 1462 1413 1514 compluribus
1447 1464 1573 1504 simul
1597 1465 1711 1506 urbis

86 1530 187 1571 locis
220 1530 391 1583 nuptiae
425 1533 629 1582 agantur,
672 1530 807 1579 πολὺς
841 1528 1036 1583 ὑμέναιος
1069 1532 1315 1584 (collective)
1350 1533 1482 1573 oritur
1515 1536 1555 1574 et
1587 1533 1711 1576 αὐλοὶ

85 1599 319 1657 φόρμιγγές
352 1615 394 1641 τε
423 1601 525 1656 βοὴν
556 1593 737 1652 ἑ’χοι,·σιν’
774 1601 840 1654 (cf.
875 1602 918 1641 Ε.
953 1601 1060 1642 Graf
1087 1602 1136 1642 de
1161 1601 1417 1643 Graecorum
1453 1606 1642 1645 veterum
1665 1618 1708 1646 re

85 1671 246 1712 musica
267 1684 304 1724 p.
327 1674 412 1723 44).
464 1671 598 1711 Immo
632 1683 776 1712 versus
802 1678 824 1711 Ω
861 1674 969 1712 recte
1003 1673 1233 1725 explicatus
1266 1673 1332 1725 (cf.
1356 1686 1481 1726 supra
1503 1688 1540 1727 p.
1566 1680 1618 1716 33
1632 1676 1709 1729 sq.)

86 1741 348 1782 demonstrat
390 1742 621 1793 exspectari
666 1742 716 1782 ab
750 1743 942 1794 utrisque
976 1755 1049 1795 per
1081 1744 1308 1796 caespitem
1342 1744 1401 1784 ita
1433 1744 1616 1793 diffusis,
1659 1749 1707 1786 ut

86 1812 137 1852 ab
160 1824 243 1852 una
265 1814 382 1864 parte
405 1811 568 1864 puellae
603 1812 653 1852 ab
677 1812 809 1852 altera
839 1813 1010 1853 iuvenes
1043 1814 1142 1854 10013
1175 1813 1395 1854 disiunctis
1429 1814 1709 1866 discumbant,

84 1883 287 1922 maritum
320 1894 489 1922 uxorem
512 1882 682 1922 domum
716 1895 836 1923 suam
869 1883 1156 1932 deducentem,
1189 1884 1296 1935 quod
1328 1897 1403 1937 par
1425 1898 1520 1925 cum
1543 1886 1707 1938 puellae

85 1953 384 2005 conspexerint,
418 1955 569 1993 cantus
602 1954 815 1993 certamen
849 1953 1072 2005 incipiunt;
1112 1954 1259 1994 deinde
1293 1955 1401 1995 inter
1442 1955 1579 2008 ipsum
1613 1969 1709 1997 can-

82 2024 176 2063 tum
223 2034 298 2075 par
346 2023 674 2076 appropinquat;
724 2023 902 2075 denique
949 2024 1018 2064 ubi
1061 2025 1101 2063 in
1144 2024 1281 2064 locum
1323 2025 1513 2074 advenit,
1556 2029 1706 2067 cantus

81 2093 212 2146 ipsius
245 2093 416 2145 virginis
449 2093 698 2133 allocutione
733 2095 826 2146 apte
861 2094 1083 2135 clauditur.

201 2163 466 2204 Cenaverunt
495 2163 625 2215 igitur
657 2164 775 2216 pueri
807 2165 1057 2217 puellaeque
1089 2177 1171 2204 non
1204 2166 1245 2204 111
1279 2166 1374 2205 novi
1407 2167 1547 2207 mariti
1571 2167 1704 2216 domo,

82 2233 154 2274 sed
197 2236 293 2274 ante
335 2233 527 2280 domum;
579 2246 679 2274 nam
721 2235 770 2275 de
810 2247 941 2275 novae
984 2237 1141 2288 nuptae
1175 2235 1296 2276 domo
1329 2238 1505 2288 paterna
1537 2238 1704 2279 omnino

81 2303 258 2356 cogitari
289 2316 371 2344 non
403 2306 554 2357 potest.
616 2304 707 2345 Iam
740 2305 774 2345 si
806 2306 931 2346 fidem
965 2306 1168 2346 habemus
1202 2306 1464 2358 qucrimdam
1488 2307 1704 2349 doctorum

81 2374 257 2426 argutiis
290 2374 576 2415 dictitantium
609 2375 718 2428 apud
753 2375 935 2416 Graecos
969 2388 1115 2416 cenam
1148 2376 1394 2429 nuptialem,
1428 2378 1547 2418 cuius
1578 2379 1704 2419 mari-

79 2445 149 2485 tus
193 2446 235 2485 et
275 2445 409 2497 nupta
449 2445 674 2498 participes
715 2448 873 2494 essent,
923 2446 965 2486 in
1004 2459 1135 2487 novae
1173 2448 1331 2500 nuptae
1365 2447 1485 2488 domo
1527 2451 1703 2501 paterna

78 2513 217 2555 locum
250 2527 378 2555 suum
412 2515 608 2556 habuisse
642 2518 684 2556 et
714 2517 916 2557 maritum
949 2518 991 2556 in
1024 2517 1322 2558 deducentium
1354 2530 1528 2559 numero
1560 2518 1702 2569 fuisse,

79 2595 226 2624 rursus
274 2584 383 2637 apud
415 2584 625 2626 Romanos
668 2598 692 2626 a
730 2599 834 2627 novo
881 2587 1031 2627 marito
1080 2587 1191 2628 domi
1237 2588 1368 2641 ipsius
1418 2591 1701 2642 exspectatam

78 2653 207 2695 fuisse
241 2654 454 2707 virginem,
488 2655 598 2707 quod
631 2659 832 2710 appareat
854 2669 1019 2709 quoque
1054 2670 1073 2698 e
1107 2671 1139 2698 0.
1162 2658 1257 2698 LXI
1284 2664 1361 2700 171
1376 2671 1435 2711 sq.
1468 2658 1517 2700 cf.
1548 2659 1700 2700 Baehr.

78 2735 237 2774 comm„
268 2725 346 2766 hoc
368 2725 526 2767 Catulli
549 2738 716 2768 carmen
745 2740 821 2768 nec
844 2727 895 2768 ad
927 2728 1022 2768 illos
1054 2728 1238 2781 pertinet
1269 2741 1346 2770 nec
1378 2729 1430 2770 ad
1462 2730 1557 2777 hos;
1591 2730 1698 2771 utris

76 2793 206 2846 igitur
248 2796 459 2845 convenit,
499 2797 696 2848 quoniam
737 2797 879 2838 alteris
921 2798 1027 2838 utris
1069 2799 1286 2839 convenire
1328 2799 1484 2840 debet?
1546 2801 1605 2841 Ac
1647 2800 1697 2841 de
