2013 3223
1048 114 1128 150 136

276 248 361 277 non
408 237 671 290 prohibetur,
725 237 830 276 nihil
876 237 1052 290 impedit
1100 238 1202 290 quin
1249 238 1333 278 tale
1381 238 1458 279 hoc
1504 239 1593 280 loco
1643 239 1771 281 fuisse
1819 242 1904 281 sta-

277 309 461 347 tuamus.

397 377 508 418 Nam
534 378 613 418 hac
634 377 824 418 lectionis
848 380 1067 430 corruptae
1100 378 1266 419 medela
1299 379 1361 419 uti
1385 380 1475 432 cogi
1498 380 1701 421 videmur.
1763 380 1906 432 Quid?

276 460 412 489 nonne
453 448 642 488 vocabuli
679 438 808 508 ‘acta'
854 448 878 487 i.
912 460 945 488 e.
981 449 1091 510 cripa
1124 461 1246 490 casus
1289 450 1440 502 aliquis
1482 451 1549 491 hic
1580 451 1720 492 locum
1750 452 1904 494 habere

276 520 446 572 potest?
511 518 592 559 Sed
625 519 809 571 primum
842 519 876 559 si
910 519 1002 571 quis
1036 532 1234 572 reponere
1268 521 1392 561 velit:

511 621 518 628 .
553 621 575 638 .‚
609 602 702 630 cam
733 592 770 629 te
802 589 990 630 reducem
1024 593 1139 631 actae
1166 603 1374 642 prospera
1404 591 1562 641 sistent,

278 659 444 700 dativus
476 659 586 700 unde
620 659 799 712 pendere
832 661 976 713 possit,
1008 661 1159 710 nescio,
1203 662 1401 713 quoniam
1433 663 1544 703 sicut
1578 663 1729 724 tredux
1760 664 1802 704 in
1833 675 1908 717 pa-

277 723 423 770 triam'
461 732 504 771 et
537 730 690 770 similia
722 730 931 779 dicuntur,
964 732 1030 772 vel
1068 732 1129 793 tin
1154 724 1310 773 actam'
1348 733 1412 773 vel
1449 733 1509 794 (in
1543 724 1657 774 acta'
1694 736 1909 787 exspecta—

276 813 381 841 muS.
445 800 556 841 Nam
599 813 766 842 versum
808 801 1080 843 Homericum
1123 802 1173 843 de
1207 803 1368 844 Achille
1416 803 1476 844 ita
1523 804 1730 844 convertit
1762 804 1907 846 Cicero

278 871 327 912 (le
361 871 484 912 divin.
516 871 537 912 Ι
571 877 637 921 25,
672 878 748 913 52:

514 942 640 983 tertia
671 945 709 983 te
739 942 922 983 Phthiae
954 946 1178 994 tempestas
1210 943 1323 984 laeta
1357 943 1517 985 locabit.

274 1013 449 1054 Accedit
494 1014 604 1066 quod
645 1014 694 1055 de
735 1014 826 1067 ripa
867 1014 934 1055 hic
973 1015 1148 1067 cogitari
1191 1027 1272 1055 non
1314 1017 1474 1068 potest,
1519 1016 1617 1067 quia
1657 1016 1906 1069 priusquam

275 1084 394 1125 navis
436 1087 606 1137 portum
647 1086 835 1138 ingressa
878 1086 951 1134 sit,
1001 1098 1071 1126 rex
1104 1089 1247 1126 monet
1286 1089 1334 1126 ut
1367 1086 1544 1126 candida
1577 1087 1669 1128 vela
1701 1088 1907 1129 tollantur

277 1154 325 1196 cf.
360 1168 394 1195 v.
430 1160 511 1196 233
527 1168 640 1207 sqq.:
1850 1146 1853 1147 ⁷

523 1224 576 1267 Ut
607 1225 740 1266 simul
771 1240 819 1266 ae
852 1230 1011 1267 nostros
1047 1227 1226 1267 invisent
1259 1226 1425 1267 lumina
1457 1226 1585 1276 collis,

513 1296 749 1338 Funestam
782 1300 992 1338 antennae
1024 1297 1235 1348 deponant
1267 1297 1456 1349 undique
1487 1300 1635 1338 vestem

518 1367 798 1420 Candidaque
829 1368 976 1408 intorti
1007 1367 1231 1409 sustollant
1262 1367 1353 1408 vela
1386 1368 1594 1418 rudentes,

281 1451 383 1491 quos
408 1439 726 1491 subsequuntur
748 1440 895 1480 statim
918 1439 999 1480 duo
1035 1440 1096 1479 illi
1120 1452 1278 1488 versus,
1313 1451 1416 1491 quos
1438 1452 1551 1480 nunc
1583 1440 1828 1480 tractamus.
1853 1463 1907 1469 —-

278 1509 371 1552 Iam
406 1512 520 1571 (acta
551 1501 769 1563 prospera'
823 1510 846 1550 i.
882 1523 913 1551 e.
956 1523 1022 1550 res
1063 1510 1241 1550 feliciter
1283 1512 1427 1562 gestae
1459 1510 1561 1550 item
1595 1509 1813 1560 dicuntur,
1860 1512 1911 1551 ut

280 1579 397 1622 Ovid.
439 1583 538 1622 met.
575 1581 637 1621 IX
679 1586 761 1623 247
809 1580 1066 1621 immanibus
1109 1581 1213 1621 actis
1255 1580 1304 1621 de
1336 1580 1539 1629 Hercule,
1587 1581 1696 1621 trist.
1737 1580 1781 1621 H
1823 1586 1907 1624 335

280 1651 492 1691 *immania
528 1649 728 1692 Caesaris
760 1654 875 1700 aeta,
918 1651 939 1691 I
974 1657 1010 1700 2,
1046 1657 1096 1693 97
1133 1653 1228 1690 aeta
1261 1649 1471 1700 mortalia,
1506 1649 1679 1701 Quintil.
1712 1652 1750 1692 X
1785 1658 1820 1701 1,
1854 1657 1907 1694 56

281 1721 418 1774 qaid?
480 1721 683 1762 Herculis
716 1725 811 1762 aeta
843 1734 927 1762 non
959 1721 1057 1762 bene
1088 1720 1364 1762 Pisandros?

400 1793 674 1834 Coniunctivo
718 1795 860 1834 autem
898 1793 1132 1846 praesentis
1185 1783 1454 1854 (agnoscam'
1506 1793 1610 1832 nihil
1656 1793 1912 1833 immuta-tur

282 1866 520 1916 temporum
553 1864 595 1904 in
628 1876 710 1904 uno
744 1867 785 1904 et
816 1865 859 1904 in
893 1864 1024 1904 altero
1058 1864 1276 1904 enuntiato
1311 1863 1611 1915 aequabilitas,
1645 1864 1842 1916 quoniam
1873 1863 1910 1904 is

282 1935 495 1987 proximus
529 1937 593 1975 est
622 1934 763 1975 futuro
797 1934 989 1988 tempori.

398 2005 619 2046 Pertinent
642 2006 693 2046 ad
717 2006 893 2047 eandem
917 2006 1097 2046 duarum
1120 2005 1331 2046 actionum
1355 2005 1638 2046 condicionem
1670 2018 1743 2058 per
1768 1995 1907 2067 ‘cum'

279 2076 521 2117 iunctarum
563 2089 595 2117 c.
628 2076 665 2115 V
704 2082 844 2129 12sq.‚
896 2077 967 2117 ubi
1008 2089 1104 2117 cum
1145 2076 1377 2117 Biichelero
1415 2075 1567 2116 Rlzein.
1613 2075 1729 2116 Mus.
1762 2075 1911 2117 XVIII

280 2159 317 2200 p.
351 2152 431 2188 401
469 2148 618 2188 collato
652 2149 837 2189 carmine
869 2147 1044 2200 Priapeo
1077 2147 1155 2187 LII
1191 2154 1241 2187 12
1276 2150 1445 2200 propter
1477 2148 1585 2188 hanc
1615 2147 1752 2201 ipsam
1785 2147 1912 2188 ratio-

281 2229 379 2258 nem
413 2218 732 2270 grammaticam
767 2218 1036 2259 scribendum
1069 2223 1154 2258 est:

840 2290 989 2341 nequis
1019 2288 1160 2329 malus
1194 2288 1384 2329 invidere
1409 2289 1559 2340 possit,

570 2359 676 2401 Cum
709 2364 874 2400 tantum
906 2361 1005 2401 sciet
1037 2373 1121 2401 esse
1155 2359 1380 2400 basiorum.

282 2430 434 2471 Modus
480 2431 591 2471 enim
635 2432 925 2472 coniunctivus
970 2423 1116 2493 ‘sciat'
1160 2444 1233 2484 per
1272 2443 1424 2472 causae
1466 2431 1671 2472 rationem
1715 2430 1912 2484 explicari

282 2513 365 2541 non
397 2504 555 2554 potest,
590 2502 788 2554 quoniam
821 2515 949 2543 causa
981 2503 1238 2543 extrinsecus
1272 2502 1434 2543 adscita
1465 2502 1532 2543 hic
1563 2503 1681 2542 nulla
1714 2504 1797 2551 est,
1837 2501 1911 2542 sed

283 2571 374 2624 ipsa
396 2572 608 2613 actionum
632 2573 816 2614 condicio
850 2576 892 2614 et
923 2577 1077 2614 natura
1099 2585 1272 2614 causam
1304 2574 1433 2622 illam,
1467 2586 1595 2625 quam
1628 2572 1794 2613 omnino
1826 2584 1911 2612 non

283 2641 541 2683 intellectam
580 2644 829 2696 plerumque
872 2648 920 2684 ut
968 2645 1056 2684 eius
1105 2644 1357 2684 coniunctivi
1396 2644 1606 2697 propriam
1645 2642 1911 2696 grammatici

283 2712 633 2765 interpretantur,
676 2715 787 2755 ultro
828 2715 965 2756 infert.
1030 2714 1111 2756 Sed
1150 2715 1241 2767 ipsa
1287 2707 1479 2774 ‘causae'
1526 2726 1633 2767 quae
1665 2713 1910 2767 perhibetur

282 2783 450 2824 notione
485 2784 662 2837 deposci,
697 2788 744 2825 ut
776 2786 1012 2826 coniunctio
1041 2777 1172 2847 (cum'
1201 2786 1512 2826 coniunctivum
1545 2785 1711 2834 habeat,
1743 2783 1911 2825 omnino
