2013 3223
897 145 949 181 13

115 272 247 313 tuitas
278 270 513 322 importune
545 268 735 315 violatur,
769 267 928 308 alienus
961 270 1026 309 est
1057 269 1108 309 ab
1141 269 1252 309 omni
1285 271 1384 310 arte.
1438 269 1547 320 Quid
1581 271 1723 311 enim?

113 342 284 382 iuvenes
316 340 479 387 dicunt,
511 339 674 391 puellae
707 337 832 378 silent
865 350 912 379 ac
942 338 1232 379 meditantur?
1279 340 1409 391 Atqui
1442 341 1724 382 certissimum

114 412 180 452 est
219 422 355 462 neque
405 410 501 449 ante
542 409 654 449 hunc
693 408 831 448 locum
872 420 1007 460 neque
1048 410 1143 461 post
1186 421 1282 449 eum
1325 410 1555 461 quidquam
1597 411 1725 452 inter-

114 481 285 522 cidisse:
318 491 463 520 versus
497 479 608 519 enim
650 482 702 519 18
746 479 788 518 et
830 484 883 520 20
927 502 981 507 —
1021 478 1131 519 inter
1173 491 1275 531 quos
1318 480 1540 520 intercedit
1580 494 1723 522 versus

112 550 372 591 intercalaris
412 571 470 577 -
508 549 623 589 nullo
663 548 784 589 modo
826 549 931 589 alter
981 549 1031 589 ab
1080 549 1209 590 altero
1251 551 1435 603 separari
1473 552 1546 591 aut
1586 551 1725 593 divelli

112 622 311 675 possunt3
345 619 572 671 eademque
603 619 871 659 necessitudo
905 621 968 659 est
998 631 1196 660 versuum
1239 627 1288 661 11
1333 622 1375 661 et
1414 626 1450 662 9.
1510 621 1620 673 Ergo
1660 635 1726 663 co-

116 691 254 744 gimur
283 690 517 731 necessario
548 691 698 742 putare
730 701 879 730 versus
923 694 1092 730 11-18
1136 689 1445 731 distribuendos
1487 704 1576 732 esse
1616 692 1725 733 inter

112 762 282 802 iuvenes
324 762 366 801 et
403 760 566 813 puellas
603 760 684 807 ita,
723 761 772 799 ut
813 760 1009 811 quoniam
1048 760 1296 813 posteriores
1339 763 1538 813 quattuor
1578 774 1722 803 versus

110 833 280 885 propter
311 843 480 871 versum
516 835 565 872 18
598 830 711 870 hunc

379 899 533 941 Dicere
563 900 651 940 iani
681 899 895 951 incipient,
928 900 1016 939 iani
1047 900 1295 950 respondere
1327 901 1479 942 decebit

108 972 330 1013 iuvenibus
363 971 454 1011 dari
486 971 638 1011 debent
671 994 724 999 —
757 982 855 1010 nam
895 971 990 1022 post
1027 983 1195 1010 versum
1237 971 1531 1013 intercalarem
1569 973 1658 1026 (19)
1701 986 1724 1014 a

109 1054 234 1083 versu
267 1046 320 1082 20
352 1041 521 1081 initium
550 1040 599 1080 fit
630 1041 778 1080 cantus
799 1040 1037 1092 puellarum
1070 1064 1136 1089 ——‚
1168 1042 1318 1093 puellis
1342 1043 1500 1095 priores
1524 1045 1723 1095 quattuor

105 1123 252 1152 versus
288 1115 458 1151 11—-14
492 1110 748 1162 contingant.

224 1181 461 1222 Permirum
472 1180 514 1220 id
524 1180 700 1220 videtur.
718 1180 829 1220 Nam
840 1180 938 1220 huic
954 1181 1105 1221 rationi
1124 1182 1268 1222 statim
1281 1183 1460 1223 occurrit
1476 1183 1519 1223 in
1532 1196 1656 1224 versu
1670 1191 1688 1225 1
1699 1190 1718 1226 1

376 1250 474 1291 Non
503 1249 648 1301 facilis
679 1250 807 1299 nobis,
841 1249 1045 1302 aequalis,
1070 1250 1223 1302 palma
1250 1255 1410 1303 parata
1442 1256 1510 1303 est,

106 1322 318 1363 vocativus
350 1321 419 1361 ille
452 1319 667 1372 aequalis,
708 1333 788 1373 quo
828 1334 938 1361 unus
971 1333 991 1361 e
1024 1322 1223 1362 iuvenum
1254 1323 1378 1364 turba
1421 1324 1472 1364 ad
1516 1325 1644 1365 socios
1678 1337 1721 1366 se

108 1391 332 1438 convertit3
382 1392 524 1431 monet
573 1391 719 1431 deinde
768 1391 878 1431 idem
918 1391 961 1431 in
1008 1404 1131 1432 versu
1177 1393 1382 1445 proximo,
1429 1399 1477 1434 ut
1522 1395 1720 1448 innuptas

108 1462 352 1515 adspiciam,
384 1461 448 1501 his
482 1461 640 1501 verbis:

315 1530 518 1582 Aspicite,
550 1530 755 1581 innuptae
784 1543 922 1571 seeum
953 1533 1000 1570 nt
1031 1531 1234 1572 meditata
1264 1533 1498 1585 requirnnt.

103 1602 267 1654 Nempe
300 1602 403 1642 haec
434 1601 673 1642 testimonio
707 1603 806 1641 sunt
836 1602 1006 1642 iuvenes
1045 1602 1112 1643 hic
1152 1603 1381 1656 designari,
1422 1617 1503 1645 non
1545 1606 1719 1658 puellas.

108 1674 168 1713 Ac
198 1674 340 1720 tamen
371 1671 478 1712 ratio
512 1672 634 1712 evicit
665 1685 753 1712 rem
786 1672 908 1712 aliter
941 1684 984 1712 se
1016 1673 1180 1714 habere.

221 1741 314 1782 Iam
367 1741 402 1781 si
448 1740 640 1792 aequalis
685 1742 847 1793 generis
887 1741 1076 1782 feminini
1117 1756 1206 1784 esse
1249 1747 1289 1785 et
1331 1745 1382 1785 ad
1422 1747 1583 1798 puellas
1628 1759 1720 1800 per-

103 1813 235 1853 tinere
282 1811 512 1863 fingamus,
561 1813 610 1851 ut
658 1811 865 1854 innuptae
915 1813 1130 1853 vocativus
1173 1814 1248 1863 sit,
1295 1827 1424 1856 novae
1476 1817 1719 1858 exoriuntur

103 1882 320 1923 molestiae
352 1882 442 1931 hae,
473 1882 656 1934 primum
698 1884 747 1922 ut
791 1882 942 1935 duplex
983 1883 1188 1924 inferatur
1230 1886 1442 1935 allocutio,
1485 1886 1631 1928 deinde
1671 1889 1719 1928 ut

103 1965 227 1994 versu
259 1952 428 1993 demum
461 1953 590 1992 altero
624 1965 934 2004 cognoscamus,
967 1956 1061 1994 uter
1094 1955 1255 2004 chorus,
1287 1956 1486 1996 iuvenum
1519 1969 1571 1997 an
1602 1958 1719 2010 puel-

101 2024 252 2072 larum,
283 2022 532 2063 nominetur.
594 2023 704 2063 Nam
737 2035 882 2063 earum
913 2025 1099 2076 partium
1132 2037 1237 2077 quae
1274 2026 1531 2078 praecedunt
1572 2028 1717 2068 statim

67 2133 69 2135 ,
102 2106 248 2135 versus
279 2093 403 2146 primi
435 2093 635 2145 cuiusque
667 2093 845 2141 initium,
877 2095 925 2133 ut
957 2107 992 2134 v.
1028 2101 1047 2135 1

592 2162 745 2214 Vesper
776 2162 902 2212 adest,
936 2163 1115 2205 invenes.

102 2235 145 2274 et
174 2247 211 2274 v.
245 2239 268 2275 6

585 2303 780 2354 Cernitz's,
813 2305 1030 2357 innuptae,
1063 2306 1263 2347 iuvenes?

100 2374 206 2415 illud
237 2375 406 2416 indicat.
466 2374 516 2415 Id
549 2375 717 2427 quidem
749 2389 843 2417 cum
876 2389 899 2417 a
931 2377 1226 2430 perspicuitate
1259 2379 1508 2431 postulatur,
1540 2380 1633 2419 tum
1655 2379 1717 2419 in-

101 2445 246 2497 primis
293 2445 507 2498 proprium
555 2448 619 2486 est
659 2447 789 2487 bonae
839 2447 1116 2499 antiquitatis.
1177 2446 1263 2488 Die
1299 2447 1428 2489 Alten
1472 2473 1524 2477 —
1567 2451 1615 2489 ut
1656 2450 1715 2490 ait

101 2514 177 2554 Ph.
207 2514 442 2555 Buttmann
473 2516 536 2556 vir
565 2516 686 2569 longe
720 2518 1015 2569 sagacissimus
1048 2518 1089 2557 in
1122 2518 1361 2571 Mythologo
1393 2519 1436 2559 ΙΙ
1473 2533 1511 2572 p.
1545 2525 1628 2561 370
1659 2544 1713 2549 —

98 2583 410 2625 versehmc'ihten
450 2585 546 2626 oder
584 2587 818 2627 verinieclen
858 2587 920 2627 bei
960 2587 1033 2627 der
1071 2588 1318 2641 Absassuny
1365 2602 1442 2629 von
1485 2588 1714 2630 Gecliehten

99 2653 168 2695 die
189 2653 466 2707 Erwdlmunq
497 2655 602 2696 aller
623 2649 1016 2707 Ausserliehkeiten,
1048 2658 1125 2698 wie
1157 2658 1224 2699 die
1244 2658 1497 2711 Abtheilnnq
1529 2673 1606 2700 von
1631 2659 1711 2701 Ge-

98 2724 316 2775 sprdelien.
363 2724 482 2766 Alles
503 2725 580 2766 das
611 2729 760 2780 mnfste
790 2727 878 2768 sich
908 2741 986 2768 von
1016 2727 1137 2768 selbst
1157 2729 1377 2770 verstehen.
1427 2729 1533 2770 Selm-
1563 2733 1712 2770 natiir-

40 2821 43 2825 -
100 2793 184 2834 Zieh
212 2795 335 2836 ward
365 2795 476 2837 daea
506 2796 575 2836 ein
606 2796 766 2838 kleiner
806 2797 935 2839 W'inlc
965 2811 1018 2838 eu
1049 2798 1171 2850 Hilfe
1200 2812 1450 2852 yenommen.
