2013 3223
1050 128 1103 163 74

375 251 468 292 Iam
502 250 790 302 Quintilianus
823 252 865 291 in
897 251 1080 292 institut.
1114 253 1218 291 orat.
1249 251 1311 291 IX
1345 256 1380 294 3
1418 256 1468 292 16
1503 253 1551 292 ut
1582 253 1888 305 particularum

283 322 384 362 dum
445 313 608 362 ‚dum
645 335 770 362 usum
818 321 1146 374 grammatic-um
1195 322 1382 374 exemplo
1431 322 1571 374 aliquo
1619 335 1666 363 ex
1715 324 1887 376 antiquo

261 404 452 437 sermone
485 392 616 444 petito
652 391 820 440 indicet,
853 392 894 431 in
928 404 974 432 eo
1009 392 1144 444 capite
1179 391 1289 444 quod
1322 393 1387 432 est
1420 391 1469 432 de
1501 392 1647 444 figuris
1680 393 1784 435 haec
1817 406 1889 447 ap-

256 462 395 515 ponit:
439 460 635 501 Catullus
676 461 724 501 in
765 460 1040 512 epithalamio
1107 461 1207 502 dum
1238 462 1423 513 innupta
1455 464 1614 511 manet,
1653 462 1752 503 dum
1785 477 1888 505 cara

255 531 347 571 suis
379 523 467 580 σεῖ’,
501 544 594 571 cum
617 545 677 582 11⁷
683 543 749 571 lus
794 523 913 571 dum’
947 531 1155 584 siymflcet
1190 524 1381 594 quoad',
1413 545 1589 584 sequens
1625 547 1777 596 (usque
1809 527 1887 584 eo',

257 601 364 653 quod
399 602 690 642 testimonium
724 603 847 654 vulgo
881 602 933 643 ad
968 615 1136 643 versum
1169 608 1224 644 45
1258 603 1370 644 1111116
1402 603 1602 644 refertur:

446 670 518 712 Sic
549 673 677 725 virqo,
711 672 812 713 dum
843 673 1005 713 intacta
1036 676 1186 722 manet,
1222 672 1321 713 dum
1353 686 1456 715 cara
1488 674 1579 714 suis
1611 678 1680 715 est.

374 742 481 783 Cum
514 744 659 783 autem
692 743 942 784 vocabulum
974 744 1137 783 *intacta
1177 744 1243 784 hic
1276 744 1559 785 certissimum
1593 745 1665 793 sit,
1706 745 1886 786 maxime

254 815 494 866 propterea,
537 813 647 865 quod
687 814 921 855 sententiae
963 814 1231 855 incolumitas
1273 816 1315 855 et
1356 815 1512 855 veritas
1546 815 1772 856 consistere
1805 828 1888 857 non

254 885 393 936 potest
433 884 512 924 nisi
554 884 597 924 in
639 884 717 925 hoc
751 885 839 937 ipso
873 885 1092 933 vocabulo,
1141 885 1400 937 pervertitur
1432 887 1596 934 autem,
1645 886 1679 925 si
1711 898 1887 939 reponas

255 954 460 1005 innupta,
517 967 679 996 errasse
729 954 1017 1006 Quintilianus
1066 956 1233 996 videtur
1279 956 1322 995 in
1374 956 1613 997 testimonio
1668 956 1888 998 afferendo.

254 1025 382 1065 Error
424 1026 552 1078 igitur
594 1026 861 1079 neglegentia
896 1027 1079 1079 quadam
1112 1027 1337 1067 memoriae
1371 1028 1487 1067 ortus
1522 1040 1610 1068 esse
1645 1027 1777 1068 videri
1817 1040 1890 1081 po-

255 1097 361 1144 test,
412 1096 483 1136 sed
536 1097 625 1137 eius
678 1110 806 1138 causa
852 1098 933 1138 nisi
982 1097 1244 1138 manifestior
1291 1098 1433 1149 aliqua
1473 1097 1646 1138 indicari
1691 1098 1888 1151 potuerit,

254 1166 400 1219 plusve
442 1168 632 1208 minusve
672 1170 815 1208 tamen
858 1168 1068 1215 videbitur
1100 1168 1417 1221 inexplicabilis.
1479 1168 1571 1208 Iam
1605 1169 1740 1220 qualis
1773 1169 1886 1210 notio

254 1237 295 1277 in
330 1250 364 1277 v.
399 1242 452 1279 56
487 1237 807 1281 desideraretur.
841 1239 924 1278 iam
949 1238 1299 1291 significavimus;
1332 1238 1461 1290 igitur
1495 1239 1604 1290 quod
1638 1239 1888 1280 vocabulum

254 1320 365 1348 nunc-
397 1320 533 1360 neque
567 1309 634 1349 hic
666 1321 801 1361 neque
835 1310 877 1349 in
911 1309 1178 1362 respondenti
1213 1321 1337 1350 versu
1370 1314 1423 1350 45
1459 1309 1652 1357 traditur,
1685 1309 1726 1349 id
1748 1310 1888 1363 ipsum

254 1379 541 1430 reponendum
575 1381 659 1420 est:
702 1380 890 1431 innupta
921 1393 994 1433 pro
1032 1371 1245 1441 (intactas
1308 1379 1523 1421 Librarius
1556 1380 1621 1420 vel
1661 1392 1797 1421 errore
1830 1380 1888 1422 le-

255 1449 380 1500 gendi
412 1463 486 1502 pro
521 1453 670 1501 {nupta
704 1451 872 1504 scripsit
904 1450 1067 1490 «ἱηίασία
1101 1451 1163 1491 vel
1196 1451 1388 1491 vocabuli
1420 1451 1569 1503 prioris
1601 1463 1772 1491 memor.

375 1519 456 1560 Sed
497 1521 648 1562 mendo
691 1534 856 1573 quoque
901 1520 1049 1562 affecta
1094 1524 1157 1562 est
1198 1534 1272 1562 vox
1304 1522 1494 1570 sanescit,
1545 1522 1623 1562 etsi
1656 1522 1885 1563 tolerabilis

253 1591 400 1631 multis
442 1591 647 1632 videatur.
711 1591 828 1642 Quae
872 1593 982 1632 enim
1031 1593 1146 1645 virgo
1195 1593 1371 1645 innupta
1420 1594 1583 1641 manet.
1631 1605 1679 1633 ea
1727 1593 1886 1633 inculta

255 1661 435 1702 senescit
458 1662 481 1701 i.
505 1674 537 1702 e.
571 1663 605 1702 si
629 1662 886 1703 Baehrensio
919 1663 1064 1711 credis,
1102 1665 1342 1724 ctamquam
1377 1675 1475 1715 ager
1508 1663 1699 1704 desertus
1723 1663 1884 1705 fructus

253 1744 335 1772 non
358 1732 528 1785 profert,
563 1733 649 1774 sine
674 1746 753 1774 usu
779 1734 995 1774 ethonore
1024 1734 1071 1774 fit
1104 1725 1247 1774 anus'.
1292 1733 1373 1775 Sed
1410 1746 1514 1786 quae
1549 1734 1708 1775 colendi
1741 1734 1887 1775 simili-

254 1803 355 1843 tudo
389 1804 455 1844 hic
488 1804 774 1855 intellegatur,
808 1805 842 1844 si
874 1817 956 1845 non
989 1805 1296 1857 praecedentia,
1339 1807 1383 1845 at
1416 1808 1526 1846 certe
1560 1805 1744 1859 proxime
1776 1805 1886 1846 inse-

255 1874 427 1926 quentia
469 1875 695 1927 unicuique
737 1875 975 1923 declarant;
1026 1876 1176 1917 colitur
1209 1888 1231 1916 a
1265 1876 1351 1916 viro
1394 1876 1616 1928 minusque
1655 1876 1788 1916 invisa
1821 1877 1885 1916 est

249 1945 424 1995 parenti
456 1946 480 1984 i.
514 1958 546 1986 e.
578 1946 717 1994 matri,
752 1947 850 1998 quia
882 1946 950 1987 hic
983 1959 1160 1999 quoque,
1194 1947 1301 1987 sicut
1333 1947 1374 1987 in
1408 1947 1580 1998 reliquis
1615 1947 1808 1999 strophae
1842 1948 1884 1987 et

253 2016 540 2069 antistrophae
573 2017 686 2065 locis,
718 2018 951 2058 masculino
984 2018 1101 2058 sexui
1134 2017 1360 2058 femininus
1394 2018 1714 2070 adiungebatur.
1777 2017 1884 2058 Eam

253 2087 364 2127 enim
396 2087 583 2139 intellegi
616 2100 639 2128 a
671 2089 794 2140 poeta
827 2101 923 2128 cum
956 2088 1027 2129 illa
1061 2089 1296 2140 aequalitas
1330 2090 1422 2128 tum
1446 2088 1521 2128 viri
1545 2088 1884 2129 commemoratio

253 2159 295 2198 et
335 2158 460 2198 huius
502 2158 633 2211 ipsius
675 2158 865 2198 vocabuli
909 2159 1124 2199 collocatio
1169 2158 1351 2210 ordoque
1394 2158 1668 2199 demonstrat.
1730 2160 1883 2211 Atque,

253 2230 301 2268 ut
334 2228 382 2269 de
416 2229 493 2269 hoc
526 2229 715 2270 vocabuli
751 2221 942 2290 ‘parens'
981 2242 1059 2270 usu
1100 2230 1212 2270 locos
1247 2229 1452 2282 quosdam
1485 2229 1657 2277 addam,
1699 2229 1884 2282 primum

253 2298 378 2340 affero
420 2300 558 2340 locum
598 2301 915 2341 memorabilem
948 2301 1041 2341 Tac.
1085 2313 1178 2340 ann.
1211 2300 1231 2341 I
1268 2306 1320 2341 14
1361 2301 1492 2341 hunc:
1534 2298 1670 2340 multa
1709 2303 1884 2351 patrum

252 2372 288 2410 et
328 2370 375 2410 ‘in
407 2369 647 2423 Anyustam
686 2370 890 2411 adulatio.
953 2370 1050 2411 Alia·
1079 2374 1324 2422 parentem,
1375 2370 1456 2411 aliz·
1494 2374 1670 2412 matrem
1704 2370 1883 2422 patriae

252 2440 553 2492 appellandam
602 2475 652 2482 ..
701 2441 932 2483 censebant.
1009 2442 1088 2483 Dio
1137 2442 1308 2484 Cassius
1356 2442 1476 2483 LVII
1523 2448 1571 2483 12
1620 2441 1759 2483 reddit
1800 2442 1881 2483 sic:

253 2511 407 2553 πολλοὶ
440 2511 518 2564 μὲν
548 2511 713 2569 μητέρα
737 2511 866 2569 αὐτὴν
892 2521 966 2569 τῆς
993 2509 1215 2568 πατρίδος,
1250 2511 1405 2554 πολλοὶ
1434 2511 1480 2554 δὲ
1504 2511 1576 2554 καὶ
1600 2511 1721 2567 γονέα
1744 2527 1882 2568 προσ-

251 2583 534 2636 αγορεύεσθαι
578 2584 744 2640 γνώμην
784 2581 959 2625 ἔδωκαν.
1022 2584 1114 2624 Iam
1142 2583 1265 2632 Nero,
1313 2584 1384 2636 qui
1420 2575 1637 2661 ‘matrem'
1674 2584 1883 2625 occiderat

252 2652 362 2706 (Tac.
396 2666 489 2694 ann.
512 2654 612 2694 XIV
639 2654 693 2708 (J),
726 2667 822 2695 mox
878 2655 1004 2695 morti
1035 2655 1222 2708 parentis
1254 2646 1531 2695 illacrimans'
1567 2655 1609 2707 (l.
1632 2667 1663 2695 6.
1686 2654 1787 2695 XIV
1810 2656 1882 2709 10)

252 2727 618 2765 commemoratur
680 2726 849 2766 Iteml.
882 2738 914 2766 c.
946 2725 1052 2766 XIII
1075 2731 1130 2767 20
1164 2725 1310 2766 eadem
1343 2726 1574 2786 primurn
1583 2717 1755 2775 mater',
1787 2727 1882 2766 tum

255 2786 447 2857 ‘parens'
482 2796 736 2837 nominatur
799 2797 855 2837 Et
886 2797 911 2836 l.
935 2809 966 2838 6.
989 2796 1095 2837 ΧΙΠ
1121 2802 1172 2838 13
1197 2796 1366 2837 Tacitus
1393 2797 1649 2858 principum
1682 2797 1880 2850 coniuges
