2013 3223
879 127 959 162 117

353 248 418 289 Tu
448 261 542 289 mea
572 251 619 288 tu
650 249 831 289 moriens
861 248 1029 301 freyisti
1060 246 1283 297 commoda,
1314 246 1461 299 frater.

115 318 250 371 Quem
281 331 450 360 versum
483 319 671 360 consulto
704 318 848 360 referri
880 319 932 360 ad
964 332 1000 359 v.
1035 325 1109 360 11:

352 387 436 430 Sed
466 388 541 429 tibi
573 401 624 429 ne
656 402 747 429 mea
779 389 865 429 sint
896 389 1040 441 {quota
1071 387 1343 437 incommoda,
1375 385 1505 436 Mali,

114 459 346 501 rectissime
378 459 593 511 Kiessling
624 459 649 499 1.
681 472 713 500 c,
746 459 920 499 monuit.

230 529 332 570 Inde
383 529 483 569 illud
543 541 706 581 quoque
755 529 948 570 firmatur
995 529 1103 569 hanc
1154 528 1330 580 elegiam
1372 528 1468 567 ante
1510 525 1736 579 epistulam

112 599 197 640 iam
229 598 457 652 perfectam
489 598 630 639 fuisse.

231 739 434 780 Laetitiae
468 741 611 779 autem
642 738 767 787 illius,
801 751 893 790 qua,
917 738 997 779 etsi
1019 737 1212 779 Catullus
1236 738 1374 789 aliquo
1408 736 1600 777 fortunae
1634 747 1734 776 suae

112 811 230 851 metu
261 810 451 862 tangitur
483 811 525 850 et
565 809 829 862 paucioribus
872 821 999 861 quam
1039 808 1127 861 ipse
1169 808 1270 849 velit
1307 808 1529 849 contentus
1569 806 1736 846 videtur

115 879 164 921 cf.
196 893 238 920 v.
270 884 350 921 135
367 892 468 932 sqq,
502 882 591 919 tota
623 881 765 920 tamen
798 879 847 920 de
880 879 1054 920 Lesbiae
1088 891 1227 919 amore
1250 878 1434 919 narratio
1456 876 1735 930 perfunditur,

112 961 243 1003 paene
282 949 442 1003 plenior
492 949 619 990 etiam
659 950 815 990 eminet
855 948 1030 990 affectus
1081 951 1122 989 et
1160 948 1293 989 acrior
1331 948 1453 988 ardor
1490 947 1532 987 in
1575 947 1735 1000 epilogo

113 1020 166 1073 (v.
202 1025 282 1062 159
297 1020 386 1073 sq.),
418 1020 461 1060 in
493 1032 572 1072 quo
606 1020 750 1060 amicis
783 1019 1028 1060 felicitatem
1059 1019 1315 1072 imprecatur
1359 1020 1401 1059 et
1432 1018 1606 1058 Lesbiae
1647 1028 1736 1057 ma-

112 1091 222 1131 xime
253 1090 319 1130 his
352 1090 511 1131 verbis:

349 1159 410 1200 Et
444 1159 559 1212 lmzye
591 1163 688 1200 cente
719 1172 857 1201 omnes
888 1159 993 1200 milei
1025 1173 1135 1212 quae
1166 1172 1228 1200 me
1261 1157 1402 1199 carior
1433 1158 1524 1210 ipso
1555 1159 1624 1206 est,

409 1230 507 1271 Lux
540 1244 642 1281 mea,
675 1245 760 1283 qua
791 1231 888 1271 viva
919 1231 1055 1271 vivere
1089 1228 1206 1270 dulce
1238 1228 1343 1269 milei
1374 1231 1443 1269 est.

119 1302 242 1344 Certe
274 1304 462 1355 temPUS,
496 1315 576 1354 quo
609 1302 789 1355 epistula
822 1302 977 1355 scripta
1018 1303 1100 1349 est,
1144 1301 1194 1341 ab
1236 1312 1282 1341 eo
1327 1312 1408 1351 quo
1452 1299 1584 1351 elegia
1624 1297 1737 1338 facta

117 1376 192 1421 est,
223 1385 350 1426 parvo
383 1375 552 1413 tantum
585 1373 732 1426 spatio,
766 1372 837 1413 sed
869 1375 1012 1413 tamen
1045 1372 1184 1424 aliquo
1217 1370 1358 1411 distat.

231 1442 438 1493 Quoniam
480 1443 521 1483 in
554 1457 588 1484 v.
636 1449 714 1484 149
757 1442 832 1483 tibi
873 1443 1050 1483 Malium
1095 1441 1322 1494 significat,
1364 1442 1546 1480 vestrum
1585 1436 1652 1492 (O.
1697 1436 1738 1478 G

112 1516 315 1561 vestrum,
346 1512 406 1553 M
430 1516 623 1554 nostrum
659 1513 685 1554 ι’.
718 1527 749 1553 e.
783 1516 966 1553 vostrum
998 1512 1047 1553 cf.
1079 1512 1130 1552 K.
1162 1511 1207 1552 P.
1242 1510 1418 1552 Schulze
1450 1511 1475 1550 l.
1508 1522 1539 1550 c.
1563 1522 1600 1562 p.
1635 1507 1736 1561 590)

112 1584 155 1624 in
186 1597 221 1624 v.
258 1588 335 1624 151
372 1584 484 1624 hunc
516 1587 557 1625 et
588 1584 748 1624 Allium
781 1584 907 1624 simul
937 1586 1084 1624 notare
1118 1582 1251 1623 debet.
1315 1581 1482 1634 Optime
1524 1580 1652 1632 igitur
1692 1578 1736 1618 hi

112 1666 258 1695 versus
291 1657 333 1694 et
373 1655 482 1694 inter
526 1667 568 1694 se
612 1657 654 1694 et
695 1667 791 1695 cum
831 1653 1178 1707 praecedentibus
1222 1652 1469 1698 cohaerent;
1509 1650 1737 1702 alloquitur

112 1724 180 1766 hic
212 1727 335 1777 poeta
368 1737 475 1772 eum,
509 1737 633 1776 quem
656 1725 695 1764 in
719 1725 1069 1777 initioballocutus
1103 1725 1168 1764 est
1200 1722 1471 1775 adiungitque
1504 1721 1602 1761 huic
1635 1721 1738 1760 alte·

112 1798 199 1835 rius
231 1795 487 1840 memoriam,
521 1807 648 1847 quam
680 1795 722 1834 in
755 1795 887 1847 elegia
919 1794 1168 1836 celebravit:

234 1870 314 1906 149
348 1864 440 1905 Hoc
471 1864 548 1905 tibi
581 1864 690 1916 quod
716 1865 837 1916 potui
869 1865 1094 1916 confectum
1126 1864 1314 1904 carmine
1345 1876 1499 1903 mimus

408 1934 494 1975 Pro
527 1934 671 1975 multis
703 1935 806 1975 aliis
837 1935 1030 1975 redditur
1061 1935 1226 1987 officiis,

348 2004 414 2046 Ne
445 2007 625 2045 vestrum
657 2005 809 2045 scabra
839 2008 988 2057 tangunt
1019 2005 1214 2058 rubiyine
1246 2018 1393 2046 ¹nomen

407 2075 528 2116 Haec
559 2078 682 2127 atque
716 2075 793 2116 illa
827 2076 915 2117 (lies
947 2079 1072 2128 atque
1104 2075 1194 2118 alia
1227 2079 1352 2128 atque
1384 2074 1486 2116 alia.

111 2145 174 2187 De
211 2138 329 2208 ‘diei'
364 2147 531 2187 notione
565 2146 616 2187 ad
649 2150 816 2200 tempus
850 2147 914 2188 vel
947 2147 1146 2200 temporis
1180 2146 1347 2199 aliquod
1381 2147 1566 2200 spatium
1599 2148 1736 2187 trans-

111 2216 199 2257 lata
231 2216 279 2258 cf.
314 2216 430 2258 Ovid.
464 2217 571 2257 trist.
604 2217 625 2257 Ι
659 2223 696 2266 5,
732 2224 783 2258 12
798 2230 887 2270 sqq.
939 2218 1103 2258 Addere
1135 2218 1253 2258 iuvat
1274 2217 1490 2258 Muretum
1524 2217 1735 2270 quondam

112 2286 334 2328 adnotasse
368 2287 419 2327 ad
453 2300 484 2329 c.
518 2287 612 2328 LXI
649 2293 729 2329 192
767 2288 860 2350 <sed
902 2289 989 2329 abit
1030 2280 1162 2329 dies':
1209 2288 1338 2350 ‘diem
1378 2288 1479 2329 dicit
1519 2300 1592 2341 pro
1631 2289 1736 2329 tem—

111 2369 220 2410 pore,
253 2358 336 2398 iam
369 2358 480 2398 enim
502 2371 581 2399 nox
603 2351 713 2399 erat*
751 2359 818 2412 (K.
842 2359 884 2399 P.
910 2358 1085 2400 Schulze
1109 2357 1309 2399 Zeitschr.
1331 2357 1361 2410 f.
1386 2358 1423 2398 d.
1449 2357 1595 2400 G.-W.
1621 2364 1732 2400 1877

110 2440 148 2480 p.
184 2428 297 2481 703).
360 2428 437 2468 His
470 2429 605 2469 verbis
637 2432 759 2482 poeta
791 2430 918 2470 simul
951 2442 999 2470 ea
1034 2429 1181 2482 tangit,
1215 2441 1320 2482 quae
1355 2429 1403 2470 de
1433 2429 1541 2470 Allio
1574 2429 1737 2482 optavit

111 2511 146 2538 v.
179 2503 234 2539 45
247 2511 335 2550 sqq.
400 2498 530 2552 Optat
563 2500 673 2540 enim
706 2500 762 2540 ibi
794 2500 834 2540 id
868 2512 1057 2549 carmen,
1099 2512 1179 2552 quo
1223 2500 1321 2540 Allii
1359 2500 1511 2540 merita
1554 2500 1737 2540 celebra-

111 2569 228 2618 verit,
260 2569 301 2609 in
335 2569 506 2622 capsula
538 2572 752 2610 servatum
785 2571 872 2611 loco
905 2583 979 2611 suo
1011 2583 1095 2611 non
1127 2571 1367 2623 neglectum
1389 2570 1523 2611 iacere
1555 2582 1633 2610 nec
1665 2570 1735 2610 ob-

110 2638 250 2679 livioni
283 2639 531 2681 mandatum
564 2641 811 2693 araneisque
845 2653 947 2694 opus
980 2640 1242 2690 facientibus,
1276 2641 1349 2682 sed
1383 2641 1573 2682 chartam
1617 2641 1735 2681 illam

110 2709 328 2761 loquacem
360 2710 518 2751 multos
550 2711 704 2751 habere
737 2712 923 2763 legentes
963 2714 1004 2752 et
1036 2711 1085 2752 de
1125 2712 1224 2752 Allii
1265 2711 1409 2752 officiis
1443 2712 1520 2752 sibi
1563 2711 1734 2752 tributis

109 2780 306 2821 certiores
338 2780 484 2822 facere.
549 2780 750 2823 Similiter
792 2782 833 2822 in
876 2781 1038 2835 epilogo
1078 2782 1162 2822 iam
1205 2782 1306 2823 dicit
1347 2794 1390 2823 se
1429 2782 1584 2823 morari
1622 2781 1732 2822 nolle
