2013 3223
872 138 921 173 11

354 260 461 313 Quoi
490 273 583 300 cum
613 259 670 300 sit
699 259 958 300 viridissimo
988 263 1123 311 nupta
1151 259 1255 310 flore
1281 259 1439 311 puella,

90 331 162 372 ubi
197 333 246 371 ut
285 343 305 372 e
342 331 538 385 proximis
581 331 753 384 apparet
791 331 1051 371 matrimonii
1100 331 1237 372 status
1277 331 1362 371 iam
1399 331 1590 383 inceptus
1631 341 1705 370 no-

89 402 217 442 tatur.

209 470 291 512 Sed
323 471 547 511 varietates
579 472 747 511 tantum
780 470 985 523 quasdam
1017 471 1106 512 eius
1138 470 1340 518 notionis,
1382 482 1487 523 quae
1520 482 1706 511 commu-

89 542 181 582 tata
217 541 484 582 collocatione
524 541 614 594 ipsa
653 542 924 591 immutatur,
974 541 1205 594 significare
1245 541 1453 582 voluimus
1495 541 1704 592 simulque
1757 531 1761 536 ⁴

89 611 194 652 illud
224 612 407 652 indicare
440 624 536 652 eum
558 612 697 652 locum
719 612 1044 664 grammaticum
1075 611 1249 664 dignum
1280 623 1382 660 esse,
1415 611 1487 663 qui
1510 612 1704 651 accurate

87 683 353 723 tractaretur.
396 681 478 723 Sed
501 682 572 734 qui
594 695 690 723 eum
712 682 969 731 tractaverit,
1002 683 1097 735 apte
1121 682 1246 722 simul
1268 681 1502 722 adiunxerit
1525 681 1706 721 alterum

86 753 226 794 locum
259 753 331 805 qui
362 754 427 793 est
459 752 508 793 de
539 753 793 806 pronominis
832 752 1062 806 personalis
1103 764 1185 792 usu
1227 753 1269 793 et
1300 751 1568 792 collocatione
1609 763 1705 792 cum

88 823 224 864 verbis
264 823 459 876 copulati.
518 822 684 863 Dicitur
730 823 841 863 enim
886 822 1055 862 surrexi
1103 823 1144 863 et
1191 834 1261 875 690
1306 821 1476 862 surrexi
1523 823 1565 862 et
1609 833 1704 861 sur-

88 893 182 934 rexi
212 905 282 945 690
322 906 418 934 cum
459 893 640 946 quadam
681 893 923 934 diversitate
970 893 1235 942 intentionis,
1284 893 1401 934 velut
1442 892 1584 934 Cicero
1630 904 1704 945 pro

91 962 181 1004 Sex.
227 964 346 1004 Rosc.
395 968 470 1012 22,
519 968 572 1005 60
618 964 721 1004 haec
767 963 891 1003 dixit:
935 962 1153 1013 peroravit
1199 961 1433 1014 aliquando
1480 961 1704 1016 (Erucius),

87 1033 281 1073 adsedit:
336 1033 507 1074 surrexi
557 1045 646 1085 690,
712 1045 818 1085 quae
874 1034 969 1085 apte
1027 1032 1223 1073 describit
1268 1032 1398 1074 Halm
1451 1044 1565 1082 „wer
1617 1044 1707 1073 nun

88 1103 303 1152 aufstand,
350 1103 423 1143 das
472 1115 555 1143 war
602 1103 714 1144 ich“.
792 1102 994 1144 Similiter
1042 1102 1194 1144 dicitur
1244 1102 1415 1147 surrexi
1462 1115 1532 1155 690
1579 1104 1705 1155 atque

86 1173 191 1214 illud
232 1175 291 1214 est
321 1172 457 1214 datus.
518 1173 611 1214 Iam
648 1173 755 1214 illud
794 1174 905 1226 quod
942 1174 1021 1214 hac
1053 1173 1307 1226 digressione
1339 1174 1580 1226 paravimus
1616 1173 1706 1214 iure

88 1244 335 1285 contendere
376 1244 492 1293 licet,
538 1245 665 1285 verba
704 1246 766 1285 est
803 1243 906 1284 data
944 1245 987 1285 in
1020 1243 1176 1286 Cat-ulli
1217 1244 1399 1285 carmine
1440 1255 1612 1297 prorsus
1654 1243 1707 1284 ad

87 1326 181 1355 eam
218 1315 501 1356 collocationis
548 1315 737 1356 inversae
783 1315 998 1356 notionem
1043 1314 1360 1368 interpretanda
1407 1326 1508 1355 esse.
1569 1314 1707 1366 Igitur

88 1385 286 1437 quoniam
325 1385 614 1438 praegreditur
657 1378 752 1447 ‘est'
802 1385 912 1438 quod
954 1385 1228 1438 subsequitur
1267 1385 1309 1425 id
1340 1385 1618 1438 participium,
1658 1396 1706 1425 ea

87 1456 213 1496 verba
243 1455 479 1509 perfectum
512 1456 695 1508 aliquem
728 1458 889 1497 statum
920 1456 1107 1497 indicant
1128 1468 1264 1508 neque
1298 1456 1380 1496 alia
1412 1457 1476 1496 est
1507 1455 1613 1496 ratio
1646 1455 1706 1495 al-

86 1526 217 1567 terius
245 1526 326 1567 loci
348 1525 574 1568 Catulliani
605 1526 655 1567 de
679 1526 864 1568 Cominio
897 1527 1028 1567 inviso
1062 1528 1302 1567 accusatore
1336 1538 1367 1567 c.
1391 1525 1532 1567 CVIII
1557 1531 1706 1578 3sqq.:

322 1596 420 1637 Non
451 1596 640 1649 equidem
671 1596 813 1637 dubito
845 1596 950 1649 quin
976 1596 1169 1648 primum
1201 1596 1379 1637 inimica
1411 1595 1609 1636 bonorum

440 1666 613 1720 Linyua
644 1670 784 1708 exeeta
815 1666 939 1708 avido
970 1667 1028 1707 sit
1058 1666 1160 1708 data
1190 1665 1386 1716 vulturio,

322 1736 510 1788 Effossos
541 1737 680 1778 oculos
710 1740 820 1778 voret
852 1740 944 1778 atro
973 1740 1140 1789 yutture
1170 1750 1328 1786 corvus,

440 1806 651 1848 Intestina
683 1820 819 1857 canes,
852 1811 986 1849 cetera
1015 1807 1199 1848 membra
1231 1807 1334 1859 lupi.

89 1877 173 1919 Ubi
212 1877 428 1918 Baehrens
478 1878 534 1918 sit
576 1878 678 1919 data
727 1890 801 1932 per
844 1890 993 1940 (quam
1041 1878 1255 1919 celerrime
1302 1868 1444 1918 detur'
1486 1876 1707 1923 describit3

88 1948 244 1989 rectius
266 1948 409 1997 Riese,
442 1948 543 1989 dum
576 1949 753 2001 singulis
785 1948 922 1989 verbis
954 1948 1344 2001 interpretationem
1375 1947 1545 2000 propius
1578 1946 1709 2000 appli-

89 2020 168 2067 cat,
201 2019 260 2060 sic
291 2018 449 2060 reddit:
483 2018 550 2059 die
581 2018 771 2070 Zukunft
802 2018 859 2058 ist
889 2018 937 2058 in
969 2018 1042 2058 der
1064 2017 1158 2058 Zeia
1189 2017 1263 2058 cler
1294 2016 1418 2058 Verse
1450 2017 1564 2056 ,4-6
1584 2015 1708 2057 sehon

71 2087 155 2129 »als
195 2088 463 2141 einyetroffen
503 2088 789 2141 ausyedrackt.
856 2088 937 2129 Sed
970 2088 1079 2141 quod
1119 2090 1287 2141 tempus
1329 2087 1522 2128 futurum
1552 2087 1708 2128 indica-

89 2160 183 2200 tum
215 2171 305 2200 esse
338 2159 457 2209 dicit,
488 2160 628 2213 potius
660 2160 750 2213 ipsa
783 2159 981 2212 cogitatio
1012 2159 1126 2199 modi
1156 2158 1397 2212 potentialis
1429 2157 1573 2198 formis
1611 2149 1706 2219 ‘sit'

90 2229 152 2283 (et
175 2222 351 2292 tvoret')
379 2231 636 2283 exprimitur,
667 2231 733 2271 cui
755 2230 816 2271 vis
839 2229 1047 2283 perfectae
1072 2229 1247 2270 actionis
1269 2241 1344 2282 per
1364 2220 1504 2290 ‘data'
1525 2227 1707 2269 additur.

206 2299 333 2341 Porro
375 2301 410 2341 si
441 2301 506 2341 Fr.
540 2300 683 2342 Scholl
715 2313 812 2342 eum
844 2313 1021 2341 versum·
1047 2302 1235 2349 accusat,
1277 2299 1388 2352 quod
1429 2298 1709 2340 enumeratio-

90 2381 188 2411 nem
219 2370 347 2412 faciat
387 2371 438 2412 ab
471 2371 710 2412 hexametro
744 2372 1050 2419 abhorrentem,
1090 2373 1201 2411 certe
1235 2370 1286 2411 ab
1318 2370 1431 2410 omni
1462 2369 1576 2422 poesi
1608 2381 1710 2410 enu-

87 2441 331 2482 merationis
363 2441 550 2483 taedium
573 2443 757 2483 alienum
789 2444 874 2489 est;
908 2441 980 2482 sed
1013 2441 1178 2482 etiamsi
1200 2441 1252 2482 ad
1285 2453 1487 2482 conexum
1509 2452 1708 2481 versuum

92 2515 144 2552 62
179 2512 220 2552 et
252 2516 306 2553 64

276 2580 515 2634 Viryinitas
545 2595 628 2624 non
658 2585 743 2623 tota
764 2585 840 2623 tua
872 2585 941 2631 est,
974 2594 1024 2622 ex
1051 2584 1174 2635 parte
1196 2584 1429 2633 parentum
1460 2582 1529 2630 est,

272 2651 417 2693 Tertia
448 2651 538 2693 sola
569 2655 644 2692 tua
675 2655 754 2702 est,-

89 2734 235 2763 versus
271 2728 322 2764 63
355 2735 439 2764 11011
469 2724 730 2765 necessarius
762 2724 964 2771 videatur,
996 2725 1139 2764 tamen
1171 2735 1247 2764 nec
1268 2735 1421 2764 nocens
1443 2734 1520 2763 nec
1541 2722 1707 2775 ineptus

90 2792 263 2834 iudicari
293 2795 436 2847 possit.
497 2794 607 2835 Nam
639 2795 674 2836 si
714 2795 819 2836 illud
855 2807 924 2856 tex
945 2786 1083 2848 parte'
1120 2794 1289 2836 iuvenes
1328 2806 1424 2835 cum
1458 2792 1708 2835 verecundia
