2013 3223
1064 139 1086 173 2

274 269 480 310 subducta
517 270 564 308 A.
595 266 731 306 Bonin
774 275 918 305 earum
964 260 1270 302 sententiarum
1308 271 1441 311 usque
1483 259 1535 299 ad
1575 271 1735 300 annum
1777 264 1889 301 1885

272 351 496 380 numerum
540 336 684 378 confici
721 332 1001 374 undenarium
1041 330 1198 371 indicat
1238 330 1280 370 in
1327 330 1466 370 libello
1514 329 1581 369 cui
1628 329 1779 370 titulus
1828 330 1893 370 est

283 407 656 458 Untersuehmzym
702 404 802 443 iiber
847 401 924 442 das
967 402 1032 441 62.
1075 399 1252 441 Gedicht
1296 412 1375 439 von
1430 397 1580 440 Catuli.
1628 397 1775 450 Proyr.
1823 399 1895 440 des

275 478 521 530 Realyymn.
555 473 786 525 Brombery
821 478 930 514 1885
966 471 1015 512 cf.
1047 471 1144 511 ibid.
1175 484 1213 523 p.
1248 476 1284 511 9.
1345 470 1468 510 Nunc
1499 470 1629 522 igitur
1661 482 1757 510 cum
1787 470 1894 510 bono

277 550 412 591 omine
461 545 702 588 duodenarii
757 543 921 583 numeri
975 541 1127 595 expleti
1183 540 1416 594 periculum
1468 539 1631 581 faciam.
1707 540 1895 581 Tertium

277 620 387 661 enim
429 617 637 658 decimum
676 625 875 655 conamen
915 625 1005 653 sero
1043 611 1147 652 mihi
1184 611 1420 663 cognitum,
1469 610 1578 663 quod
1615 610 1679 651 Fr.
1716 610 1896 652 Hermes

278 688 459 730 tentavit
477 686 526 727 cf.
542 684 689 736 Proyr.
708 683 778 724 des
790 681 1056 723 Friedrichs-
1065 680 1215 734 Gymn.
1228 680 1274 721 F
1270 680 1471 732 rankfurt
1487 694 1525 721 a.
1540 679 1585 721 O.
1610 688 1627 721 1
1637 686 1718 723 889
1744 694 1781 734 p.
1796 688 1814 722 1
1823 686 1848 722 4
1858 680 1898 730 f.,

277 759 511 800 infaustum
544 757 618 796 est.

395 829 479 868 Eae
514 827 656 866 autem
685 824 968 865 dubitationes
999 823 1179 863 maxime
1211 822 1424 875 pertinent
1456 821 1507 861 ad
1549 834 1616 862 eos
1650 823 1798 863 cantus
1827 823 1899 874 qui

278 899 467 940 versibus
503 901 686 937 11-19
722 897 764 936 et
797 898 985 936 59—66
1029 893 1296 933 continentur
1336 894 1377 933 et
1419 892 1490 944 qui
1522 892 1646 944 vulgo
1679 892 1899 933 iuvenibus

279 969 535 1010 tribuuntur.
596 966 651 1006 Et
694 965 891 1018 quoniam
933 976 1078 1005 versus
1114 968 1241 1004 1—5
1276 964 1318 1003 et
1349 974 1494 1003 versus
1530 967 1682 1004 6-10
1714 963 1823 1004 inter
1856 975 1900 1004 se

280 1038 547 1092 respondent,
581 1037 652 1089 qui
685 1036 737 1077 ad
770 1035 908 1076 omnia
930 1034 1245 1086 inaequalitatis
1280 1033 1498 1074 cuiusdam
1529 1033 1791 1074 incommoda
1823 1034 1901 1074 tol-

280 1110 404 1152 lenda
435 1107 620 1149 remedia
653 1107 953 1160 quaesiverunt
983 1106 1247 1158 interpreteS,
1287 1103 1546 1145 contendunt
1576 1116 1722 1144 versus
1759 1109 1899 1145 1-19

281 1179 481 1234 prooemii
512 1179 650 1219 locum
682 1179 837 1225 tenere,
871 1176 989 1217 cuius
1022 1187 1119 1228 pars
1154 1175 1287 1215 altera
1317 1174 1341 1214 i.
1375 1186 1407 1214 e.
1440 1186 1585 1214 versus
1622 1180 1790 1216 11—-19
1835 1174 1903 1215 vel

281 1251 409 1305 priori
450 1250 474 1290 i.
507 1262 540 1290 e.
580 1249 770 1290 versibus
805 1252 934 1289 1—5
974 1259 1069 1287 cum
1108 1246 1296 1286 versibus
1338 1251 1493 1287 6—10
1536 1245 1805 1298 respondeat,
1853 1246 1904 1285 ut

283 1320 541 1362 Baehrensio
575 1331 741 1372 quoque
774 1318 941 1358 videtur
973 1317 1015 1357 in
1049 1318 1321 1357 commentar.
1353 1329 1390 1369 p.
1425 1321 1529 1365 334,
1568 1316 1634 1356 vel
1666 1315 1784 1368 epodi
1815 1316 1905 1356 loco

286 1392 456 1433 accedat
493 1391 545 1431 ad
582 1391 764 1443 priorem
800 1391 986 1442 partem,
1034 1388 1141 1428 sicut
1179 1399 1326 1427 rursus
1371 1388 1508 1427 totum
1556 1398 1724 1427 carmen
1771 1386 1907 1426 denuo

287 1463 572 1514 subsequatur
604 1460 756 1514 epodos
790 1460 923 1500 altera
955 1459 979 1498 i.
1013 1471 1045 1499 e.
1077 1470 1223 1498 versus
1258 1462 1447 1506 59—66‚
1481 1457 1590 1509 quod
1614 1456 1659 1498 Ο.
1682 1457 1908 1498 Ribbeckio

286 1534 425 1587 placet
457 1532 506 1573 cf.
541 1529 782 1572 Gesclnchte
814 1529 886 1569 der
917 1527 1150 1569 romischen
1182 1526 1397 1578 Dichtmzy
1427 1527 1449 1567 Ι
1479 1540 1517 1580 p.
1551 1533 1647 1568 327.

406 1603 488 1644 Alii
521 1604 663 1643 autem
685 1601 885 1641 iuvenum
908 1600 1088 1640 alterum
1112 1600 1296 1647 cantum,
1329 1610 1410 1650 quo
1432 1599 1572 1638 totum
1605 1609 1772 1638 carmen
1795 1597 1910 1638 clau-

290 1675 426 1723 datur,
459 1686 555 1714 cum
587 1672 712 1712 unius
744 1683 891 1712 versus
923 1671 1076 1711 lacuna
1110 1669 1419 1721 antistropham
1461 1680 1550 1709 esse
1583 1668 1730 1708 volunt
1760 1668 1911 1721 prioris

291 1747 441 1787 cantus
474 1745 499 1784 i.
533 1756 565 1784 e.
598 1755 744 1784 versus
779 1746 968 1783 59-66
1003 1753 1203 1781 versuum
1238 1747 1356 1781 11—
1376 1744 1442 1788 19,
1475 1751 1653 1791 quorum
1686 1751 1706 1779 e
1738 1750 1913 1779 numero

291 1816 459 1857 nomino
494 1814 542 1855 G.
574 1814 888 1861 Hermannum,
928 1812 1046 1852 cuius
1080 1811 1333 1851 sententiam
1365 1810 1407 1850 in
1441 1821 1618 1850 censura
1649 1809 1705 1849 M.
1737 1809 1913 1862 Hauptii

296 1886 593 1940 quaestionum
645 1883 983 1925 Catullianarum
1045 1881 1273 1922 indicatam
1324 1881 1366 1921 in
1408 1880 1552 1921 Jahnii
1604 1880 1740 1920 annal.
1791 1879 1915 1920 XXII

293 1971 331 2011 p.
368 1960 611 1998 307—309
653 1956 802 2007 postea
834 1954 890 1994 M.
921 1953 1069 2005 Haupt
1100 1953 1188 2005 ipse
1222 1951 1490 1992 Lachmanno
1523 1950 1830 1991 commendavit
1862 1949 1913 1990 cf.

295 2041 357 2080 op.
388 2027 409 2067 I
450 2040 486 2079 p.
521 2030 587 2067 35.
652 2024 733 2065 Sed
775 2037 870 2065 cum
910 2023 1058 2064 incerti
1097 2022 1280 2062 ambitus
1322 2022 1473 2062 lacuna
1510 2022 1605 2073 post
1642 2034 1677 2060 v.
1712 2025 1764 2062 58
1803 2019 1917 2060 facta

298 2098 450 2139 amisso
489 2096 613 2137 alicui
652 2095 891 2148 puellarum
930 2094 1072 2135 cantui
1112 2094 1232 2134 illum
1276 2094 1447 2134 cantum
1488 2090 1736 2144 respondere
1783 2102 1917 2143 nuper

299 2169 432 2209 denuo
464 2167 680 2208 Baehrens
712 2167 737 2206 l.
771 2178 803 2206 c.
837 2165 1075 2218 suspicatus
1109 2166 1184 2205 est.

416 2239 508 2279 Iam
541 2237 640 2290 quid
673 2249 825 2278 causae
858 2236 996 2284 fuerit,
1031 2248 1103 2276 cur
1135 2235 1244 2275 hanc
1275 2234 1341 2274 vel
1373 2233 1490 2273 illam
1523 2231 1759 2285 opinionem
1790 2231 1918 2271 inter-

301 2312 439 2363 pretes
474 2309 550 2349 sibi
581 2308 793 2357 finxerint,
831 2307 903 2347 ubi
947 2319 1050 2359 opus
1085 2306 1164 2346 erit
1197 2317 1270 2345 suo
1302 2305 1391 2345 loco
1438 2302 1774 2355 significabimus.
1838 2300 1918 2342 Sed

304 2381 337 2421 si
370 2380 591 2432 contigerit
622 2379 760 2427 nobis,
801 2378 843 2418 id
877 2377 985 2430 quod
1018 2377 1234 2424 volumus,
1278 2376 1326 2415 ut
1366 2374 1497 2415 totius
1530 2372 1724 2414 carminis
1757 2383 1922 2424 compo-

305 2451 497 2491 sitionem
528 2463 602 2503 per
635 2450 822 2502 singulas
855 2450 997 2501 partes
1021 2447 1214 2487 omnibus
1246 2445 1433 2485 numeris
1467 2444 1704 2484 absolutam
1737 2454 1828 2483 esse
1852 2441 1920 2482 de-

304 2523 610 2569 monstremus,
652 2520 910 2572 singularem
950 2519 1066 2558 illam
1099 2515 1425 2569 pulchritudinis
1459 2514 1657 2567 speciem,
1700 2525 1782 2565 qua
1813 2512 1924 2552 inter

307 2591 462 2633 Catulli
495 2591 681 2631 carmina
713 2591 790 2630 hoc
821 2589 1002 2629 maxime
1036 2587 1200 2628 excellit
1231 2588 1400 2639 propter
1431 2597 1573 2626 rerum
1611 2583 1923 2636 simplicitatem

308 2665 349 2703 et
389 2662 630 2710 veritatem,
670 2662 773 2701 item
814 2661 857 2700 in
899 2659 1100 2700 concinna
1141 2657 1426 2698 membrorum
1463 2655 1731 2708 dispositione
1772 2652 1925 2693 intueri

307 2732 458 2773 licebit.
519 2731 629 2771 Nam
669 2744 743 2772 nos
787 2731 956 2783 quidem
1000 2729 1241 2782 quaerimus
1283 2740 1364 2768 non
1407 2738 1678 2767 numerorum
1710 2726 1924 2766 externam

305 2804 554 2858 paritatem,
593 2802 664 2842 sed
699 2802 1002 2842 sententiarum
1034 2799 1314 2841 necessariam
1347 2797 1703 2849 aequabilitatem.
1765 2794 1922 2844 Quam-
