2013 3223
1039 111 1121 148 160

271 239 442 295 chorum
484 237 734 278 auctoritate
776 236 944 276 finitimi
978 235 1168 284 adducti,
1209 236 1258 275 ut
1291 235 1390 275 sunt
1424 234 1642 276 Gallorum
1683 236 1822 277 subita
1855 238 1897 278 et

268 309 488 362 repentina
521 307 714 355 consilia,
747 306 895 347 eadem
927 305 976 347 de
1010 318 1137 346 causa
1169 306 1367 347 Trebium
1399 305 1766 359 Terrasidiumque
1799 307 1899 348 reti-

268 376 402 420 nent’.
465 378 515 418 In
547 378 612 418 his
653 374 731 433 ‘ut’
761 377 917 428 ubique
940 376 1059 416 reddi
1080 378 1219 429 potest
1241 389 1316 429 per
1340 388 1459 433 ‘nam
1491 373 1583 425 ita’,
1616 377 1651 417 si
1682 388 1748 417 res
1773 378 1898 417 antea

267 449 484 490 nominata
516 447 619 494 fuit;
653 460 726 500 per
767 444 917 503 ‘namss
951 447 985 487 si
1017 459 1129 487 nunc
1162 446 1333 487 demum
1365 446 1618 487 nominatur.
1666 446 1769 487 Inde
1792 447 1898 487 mira

268 520 340 559 illa
372 518 518 570 regula
550 517 757 558 rationem
782 529 904 557 suam
936 516 1206 566 nanciscitur,
1240 529 1323 569 qua
1359 514 1449 573 ‘ut’
1484 517 1544 557 rei
1576 517 1791 570 appositae
1813 517 1899 557 vim

268 588 499 642 praedicati
532 589 701 628 auctam
734 587 862 628 addat
895 594 969 627 aut
1000 587 1221 627 minutam.
1283 586 1333 627 Id
1364 586 1412 627 fit
1444 587 1485 627 in
1519 588 1749 628 enuntiatis
1782 587 1900 640 ellip-

268 659 361 699 ticis
409 658 457 699 cf.
506 658 680 698 Kiihner
727 658 752 698 l.
794 670 825 698 c.
867 657 910 697 Π
950 670 987 710 p.
1024 663 1105 699 965
1121 670 1179 709 sq.
1214 659 1256 698 et
1289 670 1394 709 quae
1427 657 1536 698 infra
1575 671 1613 710 p.
1649 663 1730 699 166
1755 670 1814 710 sq.
1848 657 1898 698 de

269 742 299 770 c.
333 728 493 769 LXVII
528 733 580 768 23
617 728 820 768 dicentur.

389 799 470 839 Sed
513 799 624 839 enim
670 790 753 859 ‘ut'
792 798 958 839 omnino
1001 798 1085 838 vim
1123 798 1251 839 habet
1283 798 1524 847 relativam,
1566 799 1678 839 sicut
1712 791 1898 860 (quom'‚

269 882 404 921 neque
440 869 601 910 alienae
635 870 735 908 sunt
766 869 877 909 inter
910 881 952 909 se
986 869 1197 917 notiones,
1241 881 1348 921 quae
1382 869 1471 910 voci
1506 860 1597 931 tut'
1633 868 1900 909 vindicantur

269 941 425 989 localis,
458 939 714 992 temporalis,
748 939 1044 992 comparativa,
1077 939 1269 980 causalis.
1314 939 1532 992 Significat
1556 939 1667 980 enim
1691 940 1900 980 abstracte

268 1012 449 1059 tantum,
482 1023 564 1050 non
597 1022 693 1050 cuni
716 1010 858 1062 aliqua
881 1010 1084 1062 singulari
1106 1011 1173 1051 vel
1195 1011 1378 1063 pleniore
1411 1011 1589 1059 notione,
1621 1022 1783 1051 meram
1806 1022 1902 1050 con-

269 1081 474 1122 dicionem
515 1081 617 1121 facti
659 1080 836 1134 alicuius
878 1081 944 1120 vel
985 1082 1123 1121 status
1164 1081 1231 1121 vel
1274 1081 1452 1133 denique
1494 1081 1575 1130 rei,
1619 1081 1704 1121 sive
1746 1093 1794 1121 ea
1834 1092 1900 1121 res

270 1153 385 1193 locus
421 1153 486 1192 est
519 1152 605 1192 sive
639 1153 808 1204 tempus
842 1151 927 1191 sive
962 1163 1110 1200 causa,
1144 1152 1209 1192 vel
1242 1152 1422 1192 hominis
1455 1164 1529 1205 per
1561 1151 1808 1192 relationem
1839 1151 1902 1192 in-

270 1223 465 1271 dicatam,
499 1222 698 1274 quoniam
729 1222 870 1275 ipsum
903 1224 969 1263 est
1000 1235 1230 1276 pronomen
1253 1223 1490 1263 relativum.
1552 1223 1742 1264 Describi
1763 1224 1903 1276 potest

269 1294 312 1334 in
345 1305 566 1334 commune
601 1293 690 1333 eius
723 1293 956 1346 particulae
990 1293 1051 1334 vis
1087 1318 1140 1323 —
1173 1306 1274 1334 nam
1297 1294 1508 1334 conversio
1541 1294 1584 1334 in
1616 1294 1682 1334 his
1704 1293 1901 1334 tenuibus

272 1364 483 1405 vocabulis
517 1376 681 1417 semper
713 1364 874 1405 lubrica
907 1366 971 1405 est
1005 1366 1046 1404 et
1069 1364 1195 1405 dubia
1228 1389 1284 1393 —
1317 1364 1375 1406 sic
1407 1364 1514 1405 fere:
1551 1364 1646 1426 cwie
1678 1376 1719 1404 es
1739 1364 1788 1404 in
1811 1363 1901 1404 dem

269 1434 394 1475 Falla
427 1435 525 1475 eben
557 1435 631 1483 ist,
673 1448 765 1475 war
798 1427 884 1475 etc.'
954 1434 1036 1476 Sed
1070 1435 1132 1484 id,
1178 1435 1289 1488 quod
1322 1435 1434 1476 cadit
1465 1436 1507 1475 in
1541 1435 1728 1487 singulas
1760 1447 1827 1476 res
1860 1436 1902 1475 et

270 1506 550 1555 condiciones,
598 1505 812 1546 diversum
852 1506 900 1546 fit
940 1506 1171 1559 praedicati
1213 1507 1392 1560 appositi
1434 1510 1589 1547 natura
1637 1508 1679 1547 et
1727 1506 1901 1547 alterius

271 1577 474 1629 cuiusque
508 1577 719 1617 enuntiati
759 1589 880 1617 nexu.
944 1576 1081 1627 Quam
1123 1577 1336 1618 notionem
1378 1577 1420 1617 id
1453 1577 1705 1618 vocabulum
1746 1576 1902 1629 recepit

272 1648 322 1688 ab
355 1648 511 1699 origine
549 1660 636 1688 sua.
700 1646 878 1688 Constat
912 1648 1023 1688 enim
1053 1647 1162 1696 mei,
1204 1647 1270 1687 uti
1304 1672 1356 1676 -
1391 1647 1501 1688 unde
1535 1647 1807 1688 decurtatum
1839 1647 1903 1687 est

270 1721 316 1758 ut
356 1730 429 1771 per
462 1718 777 1759 consuetudinis
810 1718 896 1758 vim
930 1718 1143 1770 quandam
1184 1719 1347 1759 abiecta
1379 1719 1504 1771 longa
1536 1718 1668 1759 vocali
1698 1717 1814 1758 finali
1848 1741 1900 1745 —-

272 1801 292 1830 e
324 1789 569 1842 pronomine
601 1789 778 1830 relativo
814 1780 899 1851 cu-'
936 1791 977 1829 et
1008 1789 1130 1830 locali
1163 1802 1264 1830 casu
1295 1789 1551 1843 pronominis
1584 1788 1903 1829 demonstrativi

276 1851 391 1921 tto-³.
455 1861 513 1900 Ac
551 1851 665 1921 (-tei‘
703 1872 793 1900 esse
826 1860 1003 1901 localem
1026 1872 1171 1900 casum
1203 1873 1314 1901 nunc
1335 1873 1457 1901 nemo
1489 1859 1671 1912 negabit,
1705 1859 1776 1900 sed
1799 1858 1903 1899 illud

271 1943 376 1983 nego
421 1930 615 1983 equidem
659 1922 788 1992 cutei'
837 1922 964 1992 ‘uter'
1006 1922 1116 1993 ‘ubi'
1162 1931 1328 1983 aliaque
1371 1931 1459 1972 eius
1501 1930 1664 1984 generis
1707 1929 1903 1970 adverbia

271 2001 446 2042 oriunda
479 2014 569 2042 esse
603 2014 623 2042 e
657 2001 800 2042 formis
837 1993 989 2062 ‘cutei'
1028 1994 1189 2064 <cuter’
1233 1999 1356 2058 ‘cubi’
1397 2014 1421 2042 a
1452 2001 1694 2055 pronomine
1727 2000 1902 2041 relativo

273 2072 502 2125 eodemque
544 2072 759 2113 indefinito
810 2070 948 2128 ‘quo-³
993 2073 1204 2113 derivatis.
1266 2072 1411 2113 Potius
1444 2072 1655 2125 propriam
1697 2083 1786 2112 esse
1819 2071 1902 2111 illis

272 2144 458 2185 vocalem
483 2140 545 2200 cu'
578 2145 619 2184 et
652 2143 909 2196 primariam,
942 2144 1007 2184 his
1032 2144 1218 2184 vocalem
1244 2141 1302 2200 co’
1334 2145 1508 2196 apparet
1540 2155 1676 2195 neque
1699 2154 1904 2194 umquam

272 2214 374 2255 haec
407 2227 503 2255 cum
535 2214 617 2254 illis
650 2216 819 2267 propter
850 2214 960 2255 hanc
991 2214 1127 2267 ipsam
1160 2214 1450 2255 diversitatem
1492 2213 1766 2267 principalem
1808 2225 1904 2253 con-

273 2285 422 2325 sociari
453 2286 641 2338 possunt.
706 2284 835 2326 Porro
869 2297 943 2326 cur
974 2285 1133 2326 initiale
1166 2285 1270 2325 illud
1300 2282 1389 2340 ‘qu’
1430 2285 1495 2326 vel
1525 2283 1576 2341 ‘c'
1618 2284 1903 2324 dimitteretur

272 2355 467 2408 idemque
491 2368 638 2396 rursus
671 2355 713 2395 in
737 2355 830 2396 aliis
864 2357 911 2395 ut
941 2352 1105 2411 ‘sicubi'
1154 2352 1335 2411 ‘necubi'
1377 2355 1643 2404 retineretur,
1674 2353 1904 2395 nemodum

274 2426 579 2467 demonstravit
618 2438 696 2467 nec
729 2426 1010 2467 demonstrari
1051 2426 1215 2479 poterit.
1281 2425 1362 2467 Sed
1394 2438 1468 2466 nos
1503 2425 1672 2478 quidem
1704 2425 1782 2466 hoc
1812 2425 1902 2465 loco

272 2498 443 2538 tantum
484 2509 651 2537 summa
684 2497 893 2549 quaedam
937 2497 1224 2538 describimus.
1289 2496 1444 2538 Omnes
1478 2497 1567 2537 eius
1600 2495 1902 2538 coniunctionis

282 2565 359 2623 ‘ut'
407 2568 597 2608 notiones
640 2568 840 2621 exemplis
883 2568 1068 2609 collectis
1111 2569 1360 2620 persecutus
1401 2569 1466 2608 est
1498 2567 1675 2608 Bastian
1707 2566 1819 2607 Dahl
1859 2565 1904 2606 in

275 2638 557 2690 copiosissimo
589 2638 717 2679 libro:
751 2637 837 2679 Die
871 2637 1116 2679 lateinische
1146 2637 1340 2678 Partikel
1381 2636 1467 2680 UT.
1499 2636 1754 2678 Kristiania
1776 2637 1902 2683 1882,

276 2720 402 2760 quem
434 2709 600 2762 saepius
633 2708 761 2750 falsas
794 2709 980 2750 rationes
1014 2710 1207 2750 secutum
1239 2721 1329 2750 esse
1362 2709 1480 2750 nobis
1514 2708 1713 2750 constitit.
