2013 3223
871 145 952 182 145

100 268 295 322 proponit
337 267 479 309 Cicero
519 267 568 308 de
608 281 648 308 n.
688 268 726 308 d.
765 268 788 308 I
820 273 895 317 31,
930 273 1007 310 87:
1052 268 1262 330 teiusdem
1304 268 1379 323 (=
1400 269 1514 322 solis)
1555 269 1725 311 incensa

100 338 231 379 radiis
266 370 300 379 ..
332 329 469 378 luna'.
530 338 641 390 Ergo
672 339 722 378 ut
753 339 795 378 et
825 339 979 378 natura
1011 340 1054 379 et
1085 338 1268 391 dignitas
1289 339 1434 380 Lunae
1467 339 1594 380 simul
1625 340 1725 381 emi-

99 409 212 457 neat,
244 420 342 449 vera
373 407 477 448 mihi
507 407 673 448 videtur
704 408 807 448 haec
838 408 986 448 lectio:

559 475 625 516 Tu
651 479 798 527 potens
835 476 987 517 Trivia
1018 480 1055 517 et
1085 477 1207 518 notho
1240 477 1271 518 ’s

611 544 751 586 Diva
784 545 942 587 lumine
974 546 1114 588 Luna.

98 618 177 658 Est
209 617 418 658 ablativus
452 616 681 668 qualitatis.
745 616 948 657 Similiter
981 617 1142 658 Goethe
1173 617 1340 658 Lunam
1377 620 1427 658 ut
1468 631 1491 659 a
1523 618 1618 660 Sole
1660 632 1724 661 se-

99 688 282 729 cundam
315 687 499 741 appellat
532 684 759 727 Schwester
798 699 877 727 von
919 687 1010 727 dem
1042 689 1178 728 ersten
1208 687 1356 737 Lielet,·
1401 689 1587 741 itemque
1618 690 1725 731 illud

99 758 319 811 epitheton
357 757 643 799 Catullianum
686 756 795 809 quod
835 758 1074 810 reponimus
1116 757 1277 798 addidit
1317 757 1490 799 Ovidius
1530 759 1573 800 in
1613 760 1723 801 trist.

98 828 120 869 Ι
155 834 193 878 5,
227 834 374 880 75sq.:

334 897 410 939 Me
441 897 544 938 deus
574 897 779 948 oppressit
809 896 924 938 nullo
955 896 1073 938 mata
1103 900 1249 938 nostra
1280 897 1463 940 levante.-

392 966 611 1008 Bellatrsioe
642 966 710 1007 illa·
742 968 961 1020 (=U1ixi)
994 967 1096 1008 diva
1126 967 1285 1019 ferebat
1311 981 1438 1019 opem,

97 1040 147 1079 ut
179 1051 277 1080 voce
313 1029 544 1100 ‘bellatrix'
581 1050 604 1078 a
636 1037 807 1090 profano
840 1050 919 1078 usu
952 1040 1114 1079 remota
1146 1039 1335 1079 Minerva
1368 1039 1683 1092 significaretur.

213 1179 286 1220 IV.
336 1178 542 1220 Carminis
584 1178 800 1218 tenerrimi
831 1178 944 1218 XLV
987 1191 1133 1219 versus
1168 1183 1191 1219 8
1235 1180 1277 1219 et
1311 1184 1355 1227 9,
1397 1185 1448 1221 17
1491 1181 1532 1220 et
1566 1185 1617 1221 18
1652 1180 1722 1222 (10-

95 1251 285 1303 speratos
327 1248 412 1290 fere
453 1248 653 1289 facillima
695 1248 983 1289 emendatione
1027 1249 1262 1290 restituisse
1307 1249 1410 1289 mihi
1450 1249 1602 1290 videor.
1668 1250 1721 1291 In

95 1319 234 1360 codice
266 1319 304 1359 V
339 1319 398 1360 sio
429 1319 681 1371 legebantur
712 1318 792 1358 illi:

332 1388 424 1429 Hoc
455 1391 502 1428 ut
533 1387 644 1428 (lixit
674 1387 808 1428 Amor
839 1388 1020 1428 sinistra
1051 1391 1097 1429 ut
1129 1392 1226 1429 ante

333 1457 500 1499 Dextra
531 1458 713 1498 sternuit
745 1458 1050 1510 approbatione

93 1530 138 1570 hi
170 1532 313 1571 autem
345 1530 426 1570 sio:

330 1598 422 1640 Hoc
453 1600 499 1639 ut
530 1598 641 1638 dixit
671 1598 806 1639 Amor
836 1599 1078 1639 sinistravit
1109 1602 1206 1640 arete

330 1667 541 1710 Dextram
572 1669 754 1709 ster-nuit
784 1669 1136 1720 (wprobationem.

92 1740 313 1781 Pertinent
343 1740 472 1792 igitur
505 1739 557 1780 ad
591 1741 918 1781 sternutamenti
950 1753 1082 1789 omen,
1116 1740 1226 1792 quod
1262 1741 1312 1781 ab
1345 1742 1441 1782 utra
1473 1743 1591 1795 parte
1615 1742 1720 1784 aoei-

93 1811 228 1851 disset
261 1823 284 1850 a
317 1810 463 1851 dextra
495 1822 548 1851 an
582 1822 605 1850 a
629 1810 799 1851 sinistra
832 1811 998 1851 omnino
1031 1811 1136 1851 nihil
1167 1810 1321 1852 referre
1345 1812 1558 1853 contendit
1585 1825 1719 1866 nuper

95 1881 147 1922 H.
180 1881 361 1933 Magnus
386 1879 535 1931 philol.
576 1879 863 1921 Wocleenschr.
902 1886 1010 1923 1883
1053 1894 1116 1922 n0.
1153 1886 1216 1922 14.
1279 1883 1336 1922 At
1367 1882 1552 1935 primum
1585 1883 1619 1923 si
1652 1882 1720 1924 Ci-

93 1963 188 1992 cero
222 1951 272 1992 de
296 1951 374 1991 div.
396 1951 440 1991 II
462 1956 530 2000 40,
554 1956 609 1993 84
642 1951 742 1991 dicit
776 1951 915 2013 tnobis
944 1953 1236 1992 sternumenta
1268 1953 1392 1992 erunt
1424 1945 1716 2002 observanda',

91 2021 164 2062 ubi
200 2021 342 2074 paullo
380 2022 477 2062 ante
518 2020 561 2061 Π
595 2027 669 2069 39,
713 2026 764 2062 82
807 2021 911 2062 haec
950 2021 1078 2062 habet
1119 2021 1256 2083 cnobis
1298 2022 1469 2062 sinistra
1510 2023 1716 2072 videntur,

93 2091 233 2133 Graiis
274 2093 316 2132 et
354 2091 542 2132 barbaris
576 2091 722 2132 dextra
753 2083 969 2140 meliora',
1020 2091 1155 2144 quivis
1198 2093 1308 2132 certe
1341 2092 1558 2142 concedet,
1606 2094 1715 2135 hanc

91 2161 330 2215 opinionem
363 2161 492 2202 etiam
531 2162 573 2202 in
604 2162 790 2215 proximo
822 2162 911 2203 loco
945 2164 1157 2202 servatam
1196 2162 1394 2215 intellegi.
1455 2164 1516 2204 Ao
1554 2165 1716 2205 certum

92 2234 158 2273 est
196 2232 239 2272 in
273 2231 526 2284 quibusdam
562 2232 684 2280 loeis,
730 2233 846 2273 velut
886 2233 929 2273 in
963 2232 1112 2285 Odyss.
1144 2248 1166 2287 ρ
1201 2237 1284 2274 545
1325 2234 1490 2286 partem
1528 2233 1639 2275 unde
1672 2234 1716 2275 in

90 2314 301 2356 gynaeceo
325 2302 517 2343 auditum
549 2302 606 2343 sit
638 2304 978 2343 sternumentum
1000 2315 1083 2343 non
1116 2303 1306 2352 discerni,
1341 2304 1438 2355 quia
1470 2303 1511 2344 id
1545 2316 1568 2344 a
1599 2307 1716 2345 recta

91 2372 258 2425 regione
297 2372 448 2413 accidit
488 2372 531 2412 in
573 2373 778 2414 anteriore
818 2373 1003 2414 virorum
1045 2373 1153 2414 aula.
1223 2373 1350 2414 Porro
1390 2374 1425 2414 si
1466 2374 1577 2427 apud
1610 2374 1716 2415 Ver-

89 2443 240 2495 gilium
271 2442 314 2482 in
335 2444 436 2483 Aen.
467 2442 552 2483 VII
584 2449 660 2483 141
675 2455 736 2495 sq.
780 2444 867 2505 ‘hie
898 2445 1019 2496 pater
1051 2443 1312 2496 omnipotens
1345 2445 1410 2485 ter
1441 2445 1554 2485 eaelo
1577 2445 1714 2486 clarus

90 2513 142 2554 ab
165 2513 250 2553 alto
271 2506 472 2553 intonuit’
509 2513 694 2566 itemque
717 2513 825 2554 VIII
854 2518 937 2556 523
950 2526 1040 2566 sqq.
1063 2515 1127 2554 ter
1148 2514 1332 2554 intonuit
1365 2526 1388 2554 a
1411 2515 1524 2556 eaelo
1557 2527 1714 2565 sereno,

90 2583 157 2624 vel
188 2582 230 2623 id
260 2595 334 2636 per
366 2583 639 2624 serenitatem
667 2584 771 2625 caeli
802 2584 964 2625 factum
994 2597 1068 2637 pro
1089 2585 1196 2625 bono
1229 2584 1365 2625 omine
1398 2586 1615 2638 acceptum
1638 2586 1714 2626 est.

88 2652 293 2705 Idemque
326 2653 418 2694 aliis
450 2653 499 2694 de
532 2653 669 2694 causis
703 2654 800 2695 alibi
838 2653 998 2694 factum
1030 2666 1120 2695 esse
1154 2656 1484 2695 consentaneum
1516 2656 1591 2696 est.
1638 2656 1714 2696 At-

92 2735 172 2776 que
204 2721 248 2763 in
278 2723 358 2764 hae
387 2735 431 2764 re
464 2723 676 2775 regionem
699 2736 864 2776 quoque
897 2724 1002 2765 oaeli
1033 2724 1298 2765 observatam
1331 2737 1432 2774 esse,
1465 2725 1574 2766 unde
1608 2725 1714 2766 acci-

88 2792 233 2842 disset,
265 2793 444 2846 Magnus
476 2793 564 2846 ipse
587 2794 727 2835 allatis
760 2795 860 2835 locis
893 2807 913 2835 e
936 2794 1062 2847 Verg.
1084 2796 1185 2835 Aen.
1217 2794 1261 2835 H
1285 2799 1366 2840 692
1380 2809 1440 2849 sq.
1471 2794 1532 2835 IX
1557 2799 1639 2837 630
1652 2807 1715 2847 sq.

161 2872 195 2899 W
203 2880 218 2899 e
227 2872 244 2899 b
253 2881 268 2899 0
275 2881 288 2899 r
295 2893 303 2905 ,
323 2872 516 2905 Quaestiones
530 2873 722 2900 Catullianae.
1385 2870 1428 2903 10
