2013 3223
1050 134 1132 169 140

515 254 628 295 Nam
661 268 794 306 neque
825 258 912 296 tum
936 255 1115 306 plumae
1145 269 1219 298 uec
1250 255 1443 308 strayula
1475 255 1590 306 pieta
1621 267 1807 308 soporem

515 325 602 365 Nec
633 325 796 365 sonitus
819 325 1024 376 placidae
1056 327 1204 368 ducere
1228 329 1369 379 posset
1401 339 1548 378 aquae,

278 396 326 435 ut
357 395 445 435 iure
480 407 553 435 suo
586 408 654 436 eos
678 396 725 435 R.
748 396 922 437 Richter
954 396 1230 446 damnaverit,
1264 397 1362 450 quia
1393 397 1504 437 idem
1536 396 1599 438 bis
1633 396 1795 437 dicitur.
1846 396 1904 436 At

277 465 429 506 Tibulli
473 465 642 517 quidem
685 478 732 506 ea
771 468 836 506 est
877 467 1101 519 singularis
1142 469 1296 517 virtus,
1337 469 1385 508 ut
1425 467 1636 507 variorum
1676 465 1905 507 affectuum

277 535 503 587 imaginem
552 548 717 588 semper
759 537 934 589 singulis
976 537 1244 579 lineamentis
1287 538 1375 579 loco
1424 550 1497 578 suo
1548 537 1700 578 additis
1749 536 1904 578 sensim

278 606 442 658 expleat
474 618 609 658 neque
643 619 847 659 umquam
881 620 954 661 per
987 609 1145 649 saltum
1179 609 1364 661 aliquem
1396 621 1462 649 res
1484 608 1644 649 medias
1669 609 1754 649 sive
1776 608 1906 649 inter-

277 675 471 717 cedentes
505 678 694 718 transeat
730 679 804 718 aut
836 677 941 719 duas
975 680 1160 720 actiones
1192 680 1433 720 notionesve
1469 679 1587 731 quasi
1621 678 1804 720 confusis
1838 690 1905 719 co-

276 746 431 787 loribus
471 747 605 799 pictas
648 751 947 801 repraesentet.
1018 749 1111 790 Iam
1153 751 1187 790 si
1227 751 1295 791 hic
1337 750 1483 790 statim
1524 750 1697 798 diceret,
1738 750 1903 790 noctem

274 818 444 869 propter
466 816 613 858 fletum
638 818 893 870 vigilandam
927 832 1029 869 esse,
1062 820 1167 861 duas
1201 821 1397 869 actiones,
1431 832 1610 872 quarum
1644 820 1777 860 altera
1809 831 1905 860 con-

276 886 435 927 dicione
469 900 545 927 sua
578 888 756 929 alteram
790 890 952 943 excipit,
985 904 1067 931 uno
1112 891 1222 932 dicto
1266 892 1331 932 vel
1373 891 1591 932 enuntiato
1634 890 1908 943 permisceret

276 959 318 997 et
351 957 564 1010 superflua
596 966 737 1000 essent
769 961 1000 1012 sequentia.
1046 961 1182 1002 Immo
1216 962 1276 1002 ita
1308 961 1443 1002 dicere
1488 961 1686 1009 debebat,
1727 959 1824 1000 inde
1858 971 1907 1000 ex

276 1039 324 1068 ea
358 1029 582 1070 solitudine
618 1032 659 1070 et
691 1031 829 1083 inopia
863 1032 1014 1073 amoris
1049 1033 1221 1073 secundi
1262 1032 1410 1073 fletum
1450 1032 1584 1081 nasci,
1625 1030 1735 1071 unde
1778 1030 1906 1071 etiam

275 1100 442 1140 noctem
486 1099 674 1141 futuram
701 1114 807 1142 ,esse
846 1103 1081 1144 insomnem
1124 1104 1189 1144 vel
1230 1104 1272 1143 in
1313 1103 1436 1156 Tyrio
1477 1105 1578 1143 toro.
1648 1101 1774 1142 Hunc
1814 1112 1907 1141 esse

274 1182 428 1210 nexum
462 1172 672 1212 sententia
706 1184 812 1224 quae
846 1185 919 1226 per
950 1186 1052 1213 uum
1086 1174 1328 1227 adiungitur
1361 1173 1624 1222 manifestat,
1667 1172 1740 1213 sed
1782 1173 1830 1212 ut
1868 1171 1904 1212 is

274 1252 404 1281 nexus
439 1244 726 1293 cognoscatur,
759 1243 837 1284 hoc
869 1243 990 1284 modo
1025 1256 1170 1285 versus
1215 1251 1266 1286 75
1302 1246 1344 1285 et
1378 1250 1430 1285 76
1465 1242 1749 1295 distinguendi
1783 1243 1906 1283 sunt:

515 1312 630 1364 Quid
668 1312 798 1365 Tyrio
830 1314 1030 1355 recubare
1061 1317 1147 1356 toro
1179 1315 1272 1356 siue
1305 1327 1444 1355 amore
1475 1313 1655 1355 secundo

511 1382 722 1425 Prodest?
754 1397 847 1424 eum
876 1384 978 1435 fletu
1010 1398 1094 1426 uox
1125 1385 1349 1439 viyilauda
1382 1385 1504 1426 vemt.

279 1444 425 1513 ‘Cum'
462 1456 782 1508 praepositionis
815 1457 903 1497 loco
925 1457 1117 1506 habetur,
1148 1470 1230 1498 non
1256 1457 1579 1498 coniunctionis:
1613 1456 1754 1496 venire
1776 1455 1908 1508 igit-ur

276 1523 429 1565 dicitur
461 1537 540 1566 nox
573 1539 664 1566 cum
695 1525 808 1576 fletu,
844 1540 971 1579 quam
1003 1540 1098 1568 mox
1130 1527 1394 1580 viyucmdam
1426 1528 1514 1568 fieri
1548 1527 1727 1567 additur.

392 1667 512 1707 Alter
545 1667 659 1708 locus
692 1668 735 1708 Π
769 1675 805 1716 5,
842 1674 923 1709 110
957 1671 1101 1722 utpote
1136 1672 1357 1722 corruptus
1391 1669 1474 1709 iam
1509 1669 1619 1709 varie
1654 1667 1903 1709 coniecturis

274 1737 463 1778 tentatus
498 1740 561 1778 est
595 1739 644 1778 ab
676 1738 810 1787 Italis,
844 1741 889 1780 ut
924 1751 947 1779 a
979 1740 1307 1781 recentioribus:

397 1813 474 1849 107
510 1808 600 1848 Ars
632 1808 761 1849 bona:
792 1809 866 1850 Sed
892 1812 1117 1861 postquam
1148 1810 1328 1861 sumpsit
1357 1810 1440 1850 sibi
1472 1809 1555 1850 tela
1591 1807 1767 1861 Cupido,

569 1878 670 1919 Heu
702 1879 781 1919 lieu
814 1894 941 1931 quam
976 1879 1119 1920 multis
1151 1894 1224 1920 ars
1257 1880 1370 1921 <ledit
1405 1879 1480 1921 illa
1512 1879 1696 1920 malum!

510 1948 570 1989 Et
601 1950 707 1990 mim
732 1951 990 2002 praecipue:
1023 1951 1137 1992 iaceo
1170 1965 1262 1992 cum
1293 1952 1469 1992 saucius
1501 1964 1662 1992 aunum

396 2026 478 2062 110
570 2020 631 2060 Et
658 2022 778 2072 faveo
812 2021 961 2071 morbo,
995 2035 1087 2062 cum
1120 2022 1239 2063 iuvat
1272 2023 1361 2074 ipse
1393 2022 1519 2072 dolor,

520 2090 656 2143 Usque
689 2105 793 2132 cauo
826 2092 1050 2143 Nemesim,
1084 2093 1175 2133 siue
1207 2107 1292 2145 qua
1324 2106 1468 2134 versus
1500 2093 1605 2134 mihi
1636 2092 1782 2133 nullus

580 2161 717 2203 Verba
741 2166 877 2214 potest
908 2163 1039 2204 ‘iustos
1072 2167 1146 2203 aut
1178 2164 1363 2216 reperire
1387 2164 1528 2216 pedes.

273 2232 460 2284 Apparet
513 2235 655 2274 autem
708 2246 825 2294 (cum
872 2226 1008 2275 iuvat’
1059 2235 1174 2275 nullo
1224 2235 1347 2275 modo
1396 2235 1564 2276 tolerari
1613 2247 1755 2288 posse;
1804 2247 1903 2276 nam

275 2302 440 2342 etiamsi
476 2295 633 2364 ‘iuvat'
670 2316 809 2345 carere
842 2307 984 2358 posset
1017 2318 1093 2346 sua
1132 2318 1174 2346 re
1215 2306 1394 2355 obiecta,
1438 2306 1635 2358 quoniam
1678 2318 1698 2346 e
1736 2318 1904 2359 praece-

276 2372 392 2413 denti
425 2386 522 2414 voce
569 2368 749 2436 ‘morbo’
795 2388 888 2416 eam
930 2376 1122 2429 supplere
1161 2377 1326 2425 liceret,
1368 2380 1511 2417 tamen
1553 2369 1689 2438 ‘cum‘
1734 2377 1901 2417 omnino

276 2443 438 2484 nullam
471 2446 644 2497 praebet
675 2447 900 2487 notionem.
951 2446 1109 2488 Contra
1131 2448 1296 2488 Amoris
1331 2447 1499 2499 quidem
1534 2448 1618 2488 tela
1650 2447 1751 2488 dicit
1781 2449 1903 2500 poeta

275 2516 410 2555 artem
434 2527 555 2556 suam
577 2517 783 2569 poeticam
819 2518 924 2558 nihil
955 2518 1105 2567 valere,
1136 2518 1263 2558 immo
1295 2518 1373 2559 hac
1404 2519 1495 2571 ipsa
1525 2519 1692 2559 illorum
1724 2519 1905 2559 telorum

274 2585 358 2624 vim
392 2586 433 2625 in
466 2586 612 2627 multis
646 2588 790 2639 augeri
824 2590 866 2628 et
899 2589 953 2628 ali
987 2613 1040 2618 -—
1085 2601 1184 2629 nam
1225 2589 1338 2629 notio
1385 2580 1524 2651 ‘mali'
1567 2590 1608 2629 in
1652 2601 1776 2630 versu
1820 2594 1901 2630 108

275 2659 613 2707 commemorata,
647 2659 757 2710 quod
791 2671 858 2699 ars
891 2660 1054 2712 poetica
1086 2660 1170 2700 iam
1203 2662 1244 2700 et
1276 2660 1424 2700 multis
1459 2662 1501 2701 et
1523 2660 1600 2701 sibi
1629 2660 1708 2713 ipsi
1731 2660 1902 2709 dederit,

273 2728 519 2779 praevalens
554 2730 618 2768 est
650 2730 692 2769 et
724 2730 998 2781 sequentibus
1033 2743 1198 2782 quoque
1232 2732 1410 2771 tenetur.
1468 2730 1609 2771 Priore
1644 2732 1786 2771 autem
1814 2731 1902 2771 loco

274 2797 460 2849 positum
499 2798 601 2838 illud
640 2791 772 2860 ‘cum'
809 2801 946 2861 (stum
979 2792 1130 2855 iaceo³)
1164 2801 1352 2842 eiusdem
1386 2804 1450 2843 est
1481 2801 1683 2850 notionis,
1725 2801 1774 2842 de
1818 2813 1902 2854 qua
